%YAML 1.1
%TAG !u! tag:unity3d.com,2011:
--- !u!1 &247226262017379647
GameObject:
  m_ObjectHideFlags: 0
  m_CorrespondingSourceObject: {fileID: 0}
  m_PrefabInstance: {fileID: 0}
  m_PrefabAsset: {fileID: 0}
  serializedVersion: 6
  m_Component:
  - component: {fileID: 2501624703778347463}
  - component: {fileID: 505709812909476303}
  - component: {fileID: 2574947226852670349}
  - component: {fileID: 4932361361014118714}
  m_Layer: 0
  m_Name: Tower_Old (1)
  m_TagString: Untagged
  m_Icon: {fileID: 0}
  m_NavMeshLayer: 0
  m_StaticEditorFlags: 0
  m_IsActive: 1
--- !u!4 &2501624703778347463
Transform:
  m_ObjectHideFlags: 0
  m_CorrespondingSourceObject: {fileID: 0}
  m_PrefabInstance: {fileID: 0}
  m_PrefabAsset: {fileID: 0}
  m_GameObject: {fileID: 247226262017379647}
  m_LocalRotation: {x: -0, y: -0, z: -0, w: 1}
  m_LocalPosition: {x: 0, y: 0, z: 0}
  m_LocalScale: {x: 1, y: 1, z: 1}
  m_Children:
  - {fileID: 6906120645812621831}
  m_Father: {fileID: 8375895947079864381}
  m_RootOrder: 0
  m_LocalEulerAnglesHint: {x: 0, y: 0, z: 0}
--- !u!33 &505709812909476303
MeshFilter:
  m_ObjectHideFlags: 0
  m_CorrespondingSourceObject: {fileID: 0}
  m_PrefabInstance: {fileID: 0}
  m_PrefabAsset: {fileID: 0}
  m_GameObject: {fileID: 247226262017379647}
  m_Mesh: {fileID: -1198743231517016826, guid: 3a2dd1fe3a52d6744aae3c2611843797, type: 3}
--- !u!23 &2574947226852670349
MeshRenderer:
  m_ObjectHideFlags: 0
  m_CorrespondingSourceObject: {fileID: 0}
  m_PrefabInstance: {fileID: 0}
  m_PrefabAsset: {fileID: 0}
  m_GameObject: {fileID: 247226262017379647}
  m_Enabled: 1
  m_CastShadows: 1
  m_ReceiveShadows: 1
  m_DynamicOccludee: 1
  m_MotionVectors: 1
  m_LightProbeUsage: 1
  m_ReflectionProbeUsage: 1
  m_RayTracingMode: 2
  m_RayTraceProcedural: 0
  m_RenderingLayerMask: 1
  m_RendererPriority: 0
  m_Materials:
  - {fileID: 2100000, guid: 7e7939889aa1c504d99d090784e11584, type: 2}
  - {fileID: 2100000, guid: a1bfc93cee149e049b3c74eabd535e14, type: 2}
  m_StaticBatchInfo:
    firstSubMesh: 0
    subMeshCount: 0
  m_StaticBatchRoot: {fileID: 0}
  m_ProbeAnchor: {fileID: 0}
  m_LightProbeVolumeOverride: {fileID: 0}
  m_ScaleInLightmap: 1
  m_ReceiveGI: 1
  m_PreserveUVs: 0
  m_IgnoreNormalsForChartDetection: 0
  m_ImportantGI: 0
  m_StitchLightmapSeams: 1
  m_SelectedEditorRenderState: 3
  m_MinimumChartSize: 4
  m_AutoUVMaxDistance: 0.5
  m_AutoUVMaxAngle: 89
  m_LightmapParameters: {fileID: 0}
  m_SortingLayerID: 0
  m_SortingLayer: 0
  m_SortingOrder: 0
  m_AdditionalVertexStreams: {fileID: 0}
--- !u!114 &4932361361014118714
MonoBehaviour:
  m_ObjectHideFlags: 0
  m_CorrespondingSourceObject: {fileID: 0}
  m_PrefabInstance: {fileID: 0}
  m_PrefabAsset: {fileID: 0}
  m_GameObject: {fileID: 247226262017379647}
  m_Enabled: 1
  m_EditorHideFlags: 0
  m_Script: {fileID: 11500000, guid: 897bde418c25ad44e8ed49d0982ba8ef, type: 3}
  m_Name: 
  m_EditorClassIdentifier: 
--- !u!1 &404509764685810870
GameObject:
  m_ObjectHideFlags: 0
  m_CorrespondingSourceObject: {fileID: 0}
  m_PrefabInstance: {fileID: 0}
  m_PrefabAsset: {fileID: 0}
  serializedVersion: 6
  m_Component:
  - component: {fileID: 7950448564959535170}
  - component: {fileID: 3310637500166874376}
  - component: {fileID: 1367033286459704078}
  m_Layer: 0
  m_Name: Spot (1)
  m_TagString: Untagged
  m_Icon: {fileID: 0}
  m_NavMeshLayer: 0
  m_StaticEditorFlags: 0
  m_IsActive: 1
--- !u!4 &7950448564959535170
Transform:
  m_ObjectHideFlags: 0
  m_CorrespondingSourceObject: {fileID: 0}
  m_PrefabInstance: {fileID: 0}
  m_PrefabAsset: {fileID: 0}
  m_GameObject: {fileID: 404509764685810870}
  m_LocalRotation: {x: 0, y: 0, z: 0, w: 1}
  m_LocalPosition: {x: 0.5, y: 0, z: 0}
  m_LocalScale: {x: 1, y: 1, z: 1}
  m_Children: []
  m_Father: {fileID: 563607252954958194}
  m_RootOrder: 1
  m_LocalEulerAnglesHint: {x: 0, y: 0, z: 0}
--- !u!212 &3310637500166874376
SpriteRenderer:
  m_ObjectHideFlags: 0
  m_CorrespondingSourceObject: {fileID: 0}
  m_PrefabInstance: {fileID: 0}
  m_PrefabAsset: {fileID: 0}
  m_GameObject: {fileID: 404509764685810870}
  m_Enabled: 1
  m_CastShadows: 0
  m_ReceiveShadows: 0
  m_DynamicOccludee: 1
  m_MotionVectors: 1
  m_LightProbeUsage: 1
  m_ReflectionProbeUsage: 1
  m_RayTracingMode: 0
  m_RayTraceProcedural: 0
  m_RenderingLayerMask: 1
  m_RendererPriority: 0
  m_Materials:
  - {fileID: 10754, guid: 0000000000000000f000000000000000, type: 0}
  m_StaticBatchInfo:
    firstSubMesh: 0
    subMeshCount: 0
  m_StaticBatchRoot: {fileID: 0}
  m_ProbeAnchor: {fileID: 0}
  m_LightProbeVolumeOverride: {fileID: 0}
  m_ScaleInLightmap: 1
  m_ReceiveGI: 1
  m_PreserveUVs: 0
  m_IgnoreNormalsForChartDetection: 0
  m_ImportantGI: 0
  m_StitchLightmapSeams: 1
  m_SelectedEditorRenderState: 0
  m_MinimumChartSize: 4
  m_AutoUVMaxDistance: 0.5
  m_AutoUVMaxAngle: 89
  m_LightmapParameters: {fileID: 0}
  m_SortingLayerID: 0
  m_SortingLayer: 0
  m_SortingOrder: 0
  m_Sprite: {fileID: 21300000, guid: a95e1355732ae094ebfde7c2c8d1fe27, type: 3}
  m_Color: {r: 1, g: 1, b: 1, a: 1}
  m_FlipX: 0
  m_FlipY: 0
  m_DrawMode: 0
  m_Size: {x: 0.41, y: 0.41}
  m_AdaptiveModeThreshold: 0.5
  m_SpriteTileMode: 0
  m_WasSpriteAssigned: 1
  m_MaskInteraction: 0
  m_SpriteSortPoint: 0
--- !u!114 &1367033286459704078
MonoBehaviour:
  m_ObjectHideFlags: 0
  m_CorrespondingSourceObject: {fileID: 0}
  m_PrefabInstance: {fileID: 0}
  m_PrefabAsset: {fileID: 0}
  m_GameObject: {fileID: 404509764685810870}
  m_Enabled: 1
  m_EditorHideFlags: 0
  m_Script: {fileID: 11500000, guid: 16df89f9072992b4190ced9ee1fc3be9, type: 3}
  m_Name: 
  m_EditorClassIdentifier: 
  _used: {fileID: 21300000, guid: 9e109b3343d41f148b740aa59cc376a5, type: 3}
  _unused: {fileID: 21300000, guid: a95e1355732ae094ebfde7c2c8d1fe27, type: 3}
--- !u!1 &1291290752765021594
GameObject:
  m_ObjectHideFlags: 0
  m_CorrespondingSourceObject: {fileID: 0}
  m_PrefabInstance: {fileID: 0}
  m_PrefabAsset: {fileID: 0}
  serializedVersion: 6
  m_Component:
  - component: {fileID: 6906120645812621831}
  - component: {fileID: 5814451633173406181}
  - component: {fileID: 6489634810453939733}
  - component: {fileID: 7525487885949629756}
  m_Layer: 0
  m_Name: Tower_Old (2)
  m_TagString: Untagged
  m_Icon: {fileID: 0}
  m_NavMeshLayer: 0
  m_StaticEditorFlags: 0
  m_IsActive: 1
--- !u!4 &6906120645812621831
Transform:
  m_ObjectHideFlags: 0
  m_CorrespondingSourceObject: {fileID: 0}
  m_PrefabInstance: {fileID: 0}
  m_PrefabAsset: {fileID: 0}
  m_GameObject: {fileID: 1291290752765021594}
  m_LocalRotation: {x: -0, y: -0, z: -0, w: 1}
  m_LocalPosition: {x: 0, y: 0, z: 0}
  m_LocalScale: {x: 1, y: 1, z: 1}
  m_Children:
  - {fileID: 5826143749669275567}
  m_Father: {fileID: 2501624703778347463}
  m_RootOrder: 0
  m_LocalEulerAnglesHint: {x: 0, y: 0, z: 0}
--- !u!33 &5814451633173406181
MeshFilter:
  m_ObjectHideFlags: 0
  m_CorrespondingSourceObject: {fileID: 0}
  m_PrefabInstance: {fileID: 0}
  m_PrefabAsset: {fileID: 0}
  m_GameObject: {fileID: 1291290752765021594}
  m_Mesh: {fileID: -1198743231517016826, guid: 3a2dd1fe3a52d6744aae3c2611843797, type: 3}
--- !u!23 &6489634810453939733
MeshRenderer:
  m_ObjectHideFlags: 0
  m_CorrespondingSourceObject: {fileID: 0}
  m_PrefabInstance: {fileID: 0}
  m_PrefabAsset: {fileID: 0}
  m_GameObject: {fileID: 1291290752765021594}
  m_Enabled: 1
  m_CastShadows: 1
  m_ReceiveShadows: 1
  m_DynamicOccludee: 1
  m_MotionVectors: 1
  m_LightProbeUsage: 1
  m_ReflectionProbeUsage: 1
  m_RayTracingMode: 2
  m_RayTraceProcedural: 0
  m_RenderingLayerMask: 1
  m_RendererPriority: 0
  m_Materials:
  - {fileID: 2100000, guid: 7e7939889aa1c504d99d090784e11584, type: 2}
  - {fileID: 2100000, guid: a1bfc93cee149e049b3c74eabd535e14, type: 2}
  m_StaticBatchInfo:
    firstSubMesh: 0
    subMeshCount: 0
  m_StaticBatchRoot: {fileID: 0}
  m_ProbeAnchor: {fileID: 0}
  m_LightProbeVolumeOverride: {fileID: 0}
  m_ScaleInLightmap: 1
  m_ReceiveGI: 1
  m_PreserveUVs: 0
  m_IgnoreNormalsForChartDetection: 0
  m_ImportantGI: 0
  m_StitchLightmapSeams: 1
  m_SelectedEditorRenderState: 3
  m_MinimumChartSize: 4
  m_AutoUVMaxDistance: 0.5
  m_AutoUVMaxAngle: 89
  m_LightmapParameters: {fileID: 0}
  m_SortingLayerID: 0
  m_SortingLayer: 0
  m_SortingOrder: 0
  m_AdditionalVertexStreams: {fileID: 0}
--- !u!114 &7525487885949629756
MonoBehaviour:
  m_ObjectHideFlags: 0
  m_CorrespondingSourceObject: {fileID: 0}
  m_PrefabInstance: {fileID: 0}
  m_PrefabAsset: {fileID: 0}
  m_GameObject: {fileID: 1291290752765021594}
  m_Enabled: 1
  m_EditorHideFlags: 0
  m_Script: {fileID: 11500000, guid: 897bde418c25ad44e8ed49d0982ba8ef, type: 3}
  m_Name: 
  m_EditorClassIdentifier: 
--- !u!1 &1542844094475808696
GameObject:
  m_ObjectHideFlags: 0
  m_CorrespondingSourceObject: {fileID: 0}
  m_PrefabInstance: {fileID: 0}
  m_PrefabAsset: {fileID: 0}
  serializedVersion: 6
  m_Component:
  - component: {fileID: 2634484904233141311}
  - component: {fileID: 3242670445299096161}
  - component: {fileID: 4031340085235616591}
  m_Layer: 0
  m_Name: Sword
  m_TagString: Untagged
  m_Icon: {fileID: 0}
  m_NavMeshLayer: 0
  m_StaticEditorFlags: 0
  m_IsActive: 1
--- !u!4 &2634484904233141311
Transform:
  m_ObjectHideFlags: 0
  m_CorrespondingSourceObject: {fileID: 0}
  m_PrefabInstance: {fileID: 0}
  m_PrefabAsset: {fileID: 0}
  m_GameObject: {fileID: 1542844094475808696}
  m_LocalRotation: {x: -0.3420201, y: -0, z: -0, w: -0.9396927}
  m_LocalPosition: {x: 0, y: 4, z: 0}
  m_LocalScale: {x: 0, y: 0, z: 0}
  m_Children: []
  m_Father: {fileID: 9054360176622227943}
  m_RootOrder: 4
  m_LocalEulerAnglesHint: {x: 40, y: 0, z: 0}
--- !u!212 &3242670445299096161
SpriteRenderer:
  m_ObjectHideFlags: 0
  m_CorrespondingSourceObject: {fileID: 0}
  m_PrefabInstance: {fileID: 0}
  m_PrefabAsset: {fileID: 0}
  m_GameObject: {fileID: 1542844094475808696}
  m_Enabled: 1
  m_CastShadows: 0
  m_ReceiveShadows: 0
  m_DynamicOccludee: 1
  m_MotionVectors: 1
  m_LightProbeUsage: 1
  m_ReflectionProbeUsage: 1
  m_RayTracingMode: 0
  m_RayTraceProcedural: 0
  m_RenderingLayerMask: 1
  m_RendererPriority: 0
  m_Materials:
  - {fileID: 10754, guid: 0000000000000000f000000000000000, type: 0}
  m_StaticBatchInfo:
    firstSubMesh: 0
    subMeshCount: 0
  m_StaticBatchRoot: {fileID: 0}
  m_ProbeAnchor: {fileID: 0}
  m_LightProbeVolumeOverride: {fileID: 0}
  m_ScaleInLightmap: 1
  m_ReceiveGI: 1
  m_PreserveUVs: 0
  m_IgnoreNormalsForChartDetection: 0
  m_ImportantGI: 0
  m_StitchLightmapSeams: 1
  m_SelectedEditorRenderState: 0
  m_MinimumChartSize: 4
  m_AutoUVMaxDistance: 0.5
  m_AutoUVMaxAngle: 89
  m_LightmapParameters: {fileID: 0}
  m_SortingLayerID: 0
  m_SortingLayer: 0
  m_SortingOrder: 0
  m_Sprite: {fileID: 21300000, guid: 743be46d1617bd44194a4844d9089f39, type: 3}
  m_Color: {r: 1, g: 1, b: 1, a: 1}
  m_FlipX: 0
  m_FlipY: 0
  m_DrawMode: 0
  m_Size: {x: 0.83, y: 0.85}
  m_AdaptiveModeThreshold: 0.5
  m_SpriteTileMode: 0
  m_WasSpriteAssigned: 1
  m_MaskInteraction: 0
  m_SpriteSortPoint: 0
--- !u!114 &4031340085235616591
MonoBehaviour:
  m_ObjectHideFlags: 0
  m_CorrespondingSourceObject: {fileID: 0}
  m_PrefabInstance: {fileID: 0}
  m_PrefabAsset: {fileID: 0}
  m_GameObject: {fileID: 1542844094475808696}
  m_Enabled: 1
  m_EditorHideFlags: 0
  m_Script: {fileID: 11500000, guid: 44605dbe27231694cb1d2308c9770d4e, type: 3}
  m_Name: 
  m_EditorClassIdentifier: 
  _shiftPosition: -0.5
--- !u!1 &2491164203928517354
GameObject:
  m_ObjectHideFlags: 0
  m_CorrespondingSourceObject: {fileID: 0}
  m_PrefabInstance: {fileID: 0}
  m_PrefabAsset: {fileID: 0}
  serializedVersion: 6
  m_Component:
  - component: {fileID: 9054360176622227943}
  m_Layer: 0
  m_Name: Top
  m_TagString: Untagged
  m_Icon: {fileID: 0}
  m_NavMeshLayer: 0
  m_StaticEditorFlags: 0
  m_IsActive: 1
--- !u!4 &9054360176622227943
Transform:
  m_ObjectHideFlags: 0
  m_CorrespondingSourceObject: {fileID: 0}
  m_PrefabInstance: {fileID: 0}
  m_PrefabAsset: {fileID: 0}
  m_GameObject: {fileID: 2491164203928517354}
  m_LocalRotation: {x: 0, y: 1, z: 0, w: 0}
  m_LocalPosition: {x: 0, y: 0, z: 0}
  m_LocalScale: {x: 1, y: 1, z: 1}
  m_Children:
  - {fileID: 8338293221774031517}
  - {fileID: 4136716526701262168}
  - {fileID: 1589673201396425526}
  - {fileID: 563607252954958194}
  - {fileID: 2634484904233141311}
  - {fileID: 2103363275686468699}
  m_Father: {fileID: 8378719545223149224}
  m_RootOrder: 0
  m_LocalEulerAnglesHint: {x: 0, y: 180, z: 0}
--- !u!1 &2869755821102863392
GameObject:
  m_ObjectHideFlags: 0
  m_CorrespondingSourceObject: {fileID: 0}
  m_PrefabInstance: {fileID: 0}
  m_PrefabAsset: {fileID: 0}
  serializedVersion: 6
  m_Component:
  - component: {fileID: 5826143749669275567}
  - component: {fileID: 9030872764862644848}
  - component: {fileID: 2146840319594036428}
  - component: {fileID: 1513596224260183596}
  m_Layer: 0
  m_Name: Tower_Old (3)
  m_TagString: Untagged
  m_Icon: {fileID: 0}
  m_NavMeshLayer: 0
  m_StaticEditorFlags: 0
  m_IsActive: 1
--- !u!4 &5826143749669275567
Transform:
  m_ObjectHideFlags: 0
  m_CorrespondingSourceObject: {fileID: 0}
  m_PrefabInstance: {fileID: 0}
  m_PrefabAsset: {fileID: 0}
  m_GameObject: {fileID: 2869755821102863392}
  m_LocalRotation: {x: -0, y: -0, z: -0, w: 1}
  m_LocalPosition: {x: 0, y: 0, z: 0}
  m_LocalScale: {x: 1, y: 1, z: 1}
  m_Children:
  - {fileID: 8475525521620277997}
  m_Father: {fileID: 6906120645812621831}
  m_RootOrder: 0
  m_LocalEulerAnglesHint: {x: 0, y: 0, z: 0}
--- !u!33 &9030872764862644848
MeshFilter:
  m_ObjectHideFlags: 0
  m_CorrespondingSourceObject: {fileID: 0}
  m_PrefabInstance: {fileID: 0}
  m_PrefabAsset: {fileID: 0}
  m_GameObject: {fileID: 2869755821102863392}
  m_Mesh: {fileID: -1198743231517016826, guid: 3a2dd1fe3a52d6744aae3c2611843797, type: 3}
--- !u!23 &2146840319594036428
MeshRenderer:
  m_ObjectHideFlags: 0
  m_CorrespondingSourceObject: {fileID: 0}
  m_PrefabInstance: {fileID: 0}
  m_PrefabAsset: {fileID: 0}
  m_GameObject: {fileID: 2869755821102863392}
  m_Enabled: 1
  m_CastShadows: 1
  m_ReceiveShadows: 1
  m_DynamicOccludee: 1
  m_MotionVectors: 1
  m_LightProbeUsage: 1
  m_ReflectionProbeUsage: 1
  m_RayTracingMode: 2
  m_RayTraceProcedural: 0
  m_RenderingLayerMask: 1
  m_RendererPriority: 0
  m_Materials:
  - {fileID: 2100000, guid: 7e7939889aa1c504d99d090784e11584, type: 2}
  - {fileID: 2100000, guid: a1bfc93cee149e049b3c74eabd535e14, type: 2}
  m_StaticBatchInfo:
    firstSubMesh: 0
    subMeshCount: 0
  m_StaticBatchRoot: {fileID: 0}
  m_ProbeAnchor: {fileID: 0}
  m_LightProbeVolumeOverride: {fileID: 0}
  m_ScaleInLightmap: 1
  m_ReceiveGI: 1
  m_PreserveUVs: 0
  m_IgnoreNormalsForChartDetection: 0
  m_ImportantGI: 0
  m_StitchLightmapSeams: 1
  m_SelectedEditorRenderState: 3
  m_MinimumChartSize: 4
  m_AutoUVMaxDistance: 0.5
  m_AutoUVMaxAngle: 89
  m_LightmapParameters: {fileID: 0}
  m_SortingLayerID: 0
  m_SortingLayer: 0
  m_SortingOrder: 0
  m_AdditionalVertexStreams: {fileID: 0}
--- !u!114 &1513596224260183596
MonoBehaviour:
  m_ObjectHideFlags: 0
  m_CorrespondingSourceObject: {fileID: 0}
  m_PrefabInstance: {fileID: 0}
  m_PrefabAsset: {fileID: 0}
  m_GameObject: {fileID: 2869755821102863392}
  m_Enabled: 1
  m_EditorHideFlags: 0
  m_Script: {fileID: 11500000, guid: 897bde418c25ad44e8ed49d0982ba8ef, type: 3}
  m_Name: 
  m_EditorClassIdentifier: 
--- !u!1 &3692275033902558273
GameObject:
  m_ObjectHideFlags: 0
  m_CorrespondingSourceObject: {fileID: 0}
  m_PrefabInstance: {fileID: 0}
  m_PrefabAsset: {fileID: 0}
  serializedVersion: 6
  m_Component:
  - component: {fileID: 8475525521620277997}
  - component: {fileID: 6902271502580992192}
  - component: {fileID: 1430532760599665939}
  - component: {fileID: 3973512406818976310}
  m_Layer: 0
  m_Name: Tower_Old (4)
  m_TagString: Untagged
  m_Icon: {fileID: 0}
  m_NavMeshLayer: 0
  m_StaticEditorFlags: 0
  m_IsActive: 1
--- !u!4 &8475525521620277997
Transform:
  m_ObjectHideFlags: 0
  m_CorrespondingSourceObject: {fileID: 0}
  m_PrefabInstance: {fileID: 0}
  m_PrefabAsset: {fileID: 0}
  m_GameObject: {fileID: 3692275033902558273}
  m_LocalRotation: {x: -0, y: -0, z: -0, w: 1}
  m_LocalPosition: {x: 0, y: 0, z: 0}
  m_LocalScale: {x: 1, y: 1, z: 1}
  m_Children:
  - {fileID: 536523252587788918}
  m_Father: {fileID: 5826143749669275567}
  m_RootOrder: 0
  m_LocalEulerAnglesHint: {x: 0, y: 0, z: 0}
--- !u!33 &6902271502580992192
MeshFilter:
  m_ObjectHideFlags: 0
  m_CorrespondingSourceObject: {fileID: 0}
  m_PrefabInstance: {fileID: 0}
  m_PrefabAsset: {fileID: 0}
  m_GameObject: {fileID: 3692275033902558273}
  m_Mesh: {fileID: -1198743231517016826, guid: 3a2dd1fe3a52d6744aae3c2611843797, type: 3}
--- !u!23 &1430532760599665939
MeshRenderer:
  m_ObjectHideFlags: 0
  m_CorrespondingSourceObject: {fileID: 0}
  m_PrefabInstance: {fileID: 0}
  m_PrefabAsset: {fileID: 0}
  m_GameObject: {fileID: 3692275033902558273}
  m_Enabled: 1
  m_CastShadows: 1
  m_ReceiveShadows: 1
  m_DynamicOccludee: 1
  m_MotionVectors: 1
  m_LightProbeUsage: 1
  m_ReflectionProbeUsage: 1
  m_RayTracingMode: 2
  m_RayTraceProcedural: 0
  m_RenderingLayerMask: 1
  m_RendererPriority: 0
  m_Materials:
  - {fileID: 2100000, guid: 7e7939889aa1c504d99d090784e11584, type: 2}
  - {fileID: 2100000, guid: a1bfc93cee149e049b3c74eabd535e14, type: 2}
  m_StaticBatchInfo:
    firstSubMesh: 0
    subMeshCount: 0
  m_StaticBatchRoot: {fileID: 0}
  m_ProbeAnchor: {fileID: 0}
  m_LightProbeVolumeOverride: {fileID: 0}
  m_ScaleInLightmap: 1
  m_ReceiveGI: 1
  m_PreserveUVs: 0
  m_IgnoreNormalsForChartDetection: 0
  m_ImportantGI: 0
  m_StitchLightmapSeams: 1
  m_SelectedEditorRenderState: 3
  m_MinimumChartSize: 4
  m_AutoUVMaxDistance: 0.5
  m_AutoUVMaxAngle: 89
  m_LightmapParameters: {fileID: 0}
  m_SortingLayerID: 0
  m_SortingLayer: 0
  m_SortingOrder: 0
  m_AdditionalVertexStreams: {fileID: 0}
--- !u!114 &3973512406818976310
MonoBehaviour:
  m_ObjectHideFlags: 0
  m_CorrespondingSourceObject: {fileID: 0}
  m_PrefabInstance: {fileID: 0}
  m_PrefabAsset: {fileID: 0}
  m_GameObject: {fileID: 3692275033902558273}
  m_Enabled: 1
  m_EditorHideFlags: 0
  m_Script: {fileID: 11500000, guid: 897bde418c25ad44e8ed49d0982ba8ef, type: 3}
  m_Name: 
  m_EditorClassIdentifier: 
--- !u!1 &6316697996730320336
GameObject:
  m_ObjectHideFlags: 0
  m_CorrespondingSourceObject: {fileID: 0}
  m_PrefabInstance: {fileID: 0}
  m_PrefabAsset: {fileID: 0}
  serializedVersion: 6
  m_Component:
  - component: {fileID: 563607252954958194}
  - component: {fileID: 3132285457145988377}
  m_Layer: 0
  m_Name: Spots
  m_TagString: Untagged
  m_Icon: {fileID: 0}
  m_NavMeshLayer: 0
  m_StaticEditorFlags: 0
  m_IsActive: 1
--- !u!4 &563607252954958194
Transform:
  m_ObjectHideFlags: 0
  m_CorrespondingSourceObject: {fileID: 0}
  m_PrefabInstance: {fileID: 0}
  m_PrefabAsset: {fileID: 0}
  m_GameObject: {fileID: 6316697996730320336}
  m_LocalRotation: {x: 0.7071068, y: -0, z: -0, w: 0.7071068}
  m_LocalPosition: {x: 0, y: 1.2, z: -0.58000004}
  m_LocalScale: {x: 1, y: 1, z: 1}
  m_Children:
  - {fileID: 3490128108765254839}
  - {fileID: 7950448564959535170}
  - {fileID: 5473957734212989378}
  m_Father: {fileID: 9054360176622227943}
  m_RootOrder: 3
  m_LocalEulerAnglesHint: {x: 90, y: 0, z: 0}
--- !u!114 &3132285457145988377
MonoBehaviour:
  m_ObjectHideFlags: 0
  m_CorrespondingSourceObject: {fileID: 0}
  m_PrefabInstance: {fileID: 0}
  m_PrefabAsset: {fileID: 0}
  m_GameObject: {fileID: 6316697996730320336}
  m_Enabled: 1
  m_EditorHideFlags: 0
  m_Script: {fileID: 11500000, guid: 99fdfdddb61b5934fa6ae74dd35be583, type: 3}
  m_Name: 
  m_EditorClassIdentifier: 
  _spots:
  - {fileID: 5618734520945354155}
  - {fileID: 1367033286459704078}
  - {fileID: 6344453423168566906}
  _connections: {fileID: 254910468}
--- !u!1 &6505110084588605226
GameObject:
  m_ObjectHideFlags: 0
  m_CorrespondingSourceObject: {fileID: 0}
  m_PrefabInstance: {fileID: 0}
  m_PrefabAsset: {fileID: 0}
  serializedVersion: 6
  m_Component:
  - component: {fileID: 5473957734212989378}
  - component: {fileID: 6573927963439334957}
  - component: {fileID: 6344453423168566906}
  m_Layer: 0
  m_Name: Spot (2)
  m_TagString: Untagged
  m_Icon: {fileID: 0}
  m_NavMeshLayer: 0
  m_StaticEditorFlags: 0
  m_IsActive: 1
--- !u!4 &5473957734212989378
Transform:
  m_ObjectHideFlags: 0
  m_CorrespondingSourceObject: {fileID: 0}
  m_PrefabInstance: {fileID: 0}
  m_PrefabAsset: {fileID: 0}
  m_GameObject: {fileID: 6505110084588605226}
  m_LocalRotation: {x: 0, y: 0, z: 0, w: 1}
  m_LocalPosition: {x: -0.5, y: 0, z: 0}
  m_LocalScale: {x: 1, y: 1, z: 1}
  m_Children: []
  m_Father: {fileID: 563607252954958194}
  m_RootOrder: 2
  m_LocalEulerAnglesHint: {x: 0, y: 0, z: 0}
--- !u!212 &6573927963439334957
SpriteRenderer:
  m_ObjectHideFlags: 0
  m_CorrespondingSourceObject: {fileID: 0}
  m_PrefabInstance: {fileID: 0}
  m_PrefabAsset: {fileID: 0}
  m_GameObject: {fileID: 6505110084588605226}
  m_Enabled: 1
  m_CastShadows: 0
  m_ReceiveShadows: 0
  m_DynamicOccludee: 1
  m_MotionVectors: 1
  m_LightProbeUsage: 1
  m_ReflectionProbeUsage: 1
  m_RayTracingMode: 0
  m_RayTraceProcedural: 0
  m_RenderingLayerMask: 1
  m_RendererPriority: 0
  m_Materials:
  - {fileID: 10754, guid: 0000000000000000f000000000000000, type: 0}
  m_StaticBatchInfo:
    firstSubMesh: 0
    subMeshCount: 0
  m_StaticBatchRoot: {fileID: 0}
  m_ProbeAnchor: {fileID: 0}
  m_LightProbeVolumeOverride: {fileID: 0}
  m_ScaleInLightmap: 1
  m_ReceiveGI: 1
  m_PreserveUVs: 0
  m_IgnoreNormalsForChartDetection: 0
  m_ImportantGI: 0
  m_StitchLightmapSeams: 1
  m_SelectedEditorRenderState: 0
  m_MinimumChartSize: 4
  m_AutoUVMaxDistance: 0.5
  m_AutoUVMaxAngle: 89
  m_LightmapParameters: {fileID: 0}
  m_SortingLayerID: 0
  m_SortingLayer: 0
  m_SortingOrder: 0
  m_Sprite: {fileID: 21300000, guid: a95e1355732ae094ebfde7c2c8d1fe27, type: 3}
  m_Color: {r: 1, g: 1, b: 1, a: 1}
  m_FlipX: 0
  m_FlipY: 0
  m_DrawMode: 0
  m_Size: {x: 0.41, y: 0.41}
  m_AdaptiveModeThreshold: 0.5
  m_SpriteTileMode: 0
  m_WasSpriteAssigned: 1
  m_MaskInteraction: 0
  m_SpriteSortPoint: 0
--- !u!114 &6344453423168566906
MonoBehaviour:
  m_ObjectHideFlags: 0
  m_CorrespondingSourceObject: {fileID: 0}
  m_PrefabInstance: {fileID: 0}
  m_PrefabAsset: {fileID: 0}
  m_GameObject: {fileID: 6505110084588605226}
  m_Enabled: 1
  m_EditorHideFlags: 0
  m_Script: {fileID: 11500000, guid: 16df89f9072992b4190ced9ee1fc3be9, type: 3}
  m_Name: 
  m_EditorClassIdentifier: 
  _used: {fileID: 21300000, guid: 9e109b3343d41f148b740aa59cc376a5, type: 3}
  _unused: {fileID: 21300000, guid: a95e1355732ae094ebfde7c2c8d1fe27, type: 3}
--- !u!1 &7427937450006203039
GameObject:
  m_ObjectHideFlags: 0
  m_CorrespondingSourceObject: {fileID: 0}
  m_PrefabInstance: {fileID: 0}
  m_PrefabAsset: {fileID: 0}
  serializedVersion: 6
  m_Component:
  - component: {fileID: 2247009443916478463}
  - component: {fileID: 5935764724284329584}
  - component: {fileID: 4421532578056323375}
  - component: {fileID: 2709815602625869993}
  m_Layer: 0
  m_Name: Tower_Old (6)
  m_TagString: Untagged
  m_Icon: {fileID: 0}
  m_NavMeshLayer: 0
  m_StaticEditorFlags: 0
  m_IsActive: 1
--- !u!4 &2247009443916478463
Transform:
  m_ObjectHideFlags: 0
  m_CorrespondingSourceObject: {fileID: 0}
  m_PrefabInstance: {fileID: 0}
  m_PrefabAsset: {fileID: 0}
  m_GameObject: {fileID: 7427937450006203039}
  m_LocalRotation: {x: -0, y: -0, z: -0, w: 1}
  m_LocalPosition: {x: 0, y: 0, z: 0}
  m_LocalScale: {x: 1, y: 1, z: 1}
  m_Children:
  - {fileID: 8378719545223149224}
  m_Father: {fileID: 536523252587788918}
  m_RootOrder: 0
  m_LocalEulerAnglesHint: {x: 0, y: 0, z: 0}
--- !u!33 &5935764724284329584
MeshFilter:
  m_ObjectHideFlags: 0
  m_CorrespondingSourceObject: {fileID: 0}
  m_PrefabInstance: {fileID: 0}
  m_PrefabAsset: {fileID: 0}
  m_GameObject: {fileID: 7427937450006203039}
  m_Mesh: {fileID: -1198743231517016826, guid: 3a2dd1fe3a52d6744aae3c2611843797, type: 3}
--- !u!23 &4421532578056323375
MeshRenderer:
  m_ObjectHideFlags: 0
  m_CorrespondingSourceObject: {fileID: 0}
  m_PrefabInstance: {fileID: 0}
  m_PrefabAsset: {fileID: 0}
  m_GameObject: {fileID: 7427937450006203039}
  m_Enabled: 1
  m_CastShadows: 1
  m_ReceiveShadows: 1
  m_DynamicOccludee: 1
  m_MotionVectors: 1
  m_LightProbeUsage: 1
  m_ReflectionProbeUsage: 1
  m_RayTracingMode: 2
  m_RayTraceProcedural: 0
  m_RenderingLayerMask: 1
  m_RendererPriority: 0
  m_Materials:
  - {fileID: 2100000, guid: 7e7939889aa1c504d99d090784e11584, type: 2}
  - {fileID: 2100000, guid: a1bfc93cee149e049b3c74eabd535e14, type: 2}
  m_StaticBatchInfo:
    firstSubMesh: 0
    subMeshCount: 0
  m_StaticBatchRoot: {fileID: 0}
  m_ProbeAnchor: {fileID: 0}
  m_LightProbeVolumeOverride: {fileID: 0}
  m_ScaleInLightmap: 1
  m_ReceiveGI: 1
  m_PreserveUVs: 0
  m_IgnoreNormalsForChartDetection: 0
  m_ImportantGI: 0
  m_StitchLightmapSeams: 1
  m_SelectedEditorRenderState: 3
  m_MinimumChartSize: 4
  m_AutoUVMaxDistance: 0.5
  m_AutoUVMaxAngle: 89
  m_LightmapParameters: {fileID: 0}
  m_SortingLayerID: 0
  m_SortingLayer: 0
  m_SortingOrder: 0
  m_AdditionalVertexStreams: {fileID: 0}
--- !u!114 &2709815602625869993
MonoBehaviour:
  m_ObjectHideFlags: 0
  m_CorrespondingSourceObject: {fileID: 0}
  m_PrefabInstance: {fileID: 0}
  m_PrefabAsset: {fileID: 0}
  m_GameObject: {fileID: 7427937450006203039}
  m_Enabled: 1
  m_EditorHideFlags: 0
  m_Script: {fileID: 11500000, guid: 897bde418c25ad44e8ed49d0982ba8ef, type: 3}
  m_Name: 
  m_EditorClassIdentifier: 
--- !u!1 &7590110515191794272
GameObject:
  m_ObjectHideFlags: 0
  m_CorrespondingSourceObject: {fileID: 0}
  m_PrefabInstance: {fileID: 0}
  m_PrefabAsset: {fileID: 0}
  serializedVersion: 6
  m_Component:
  - component: {fileID: 3490128108765254839}
  - component: {fileID: 334440142906333864}
  - component: {fileID: 5618734520945354155}
  m_Layer: 0
  m_Name: Spot
  m_TagString: Untagged
  m_Icon: {fileID: 0}
  m_NavMeshLayer: 0
  m_StaticEditorFlags: 0
  m_IsActive: 1
--- !u!4 &3490128108765254839
Transform:
  m_ObjectHideFlags: 0
  m_CorrespondingSourceObject: {fileID: 0}
  m_PrefabInstance: {fileID: 0}
  m_PrefabAsset: {fileID: 0}
  m_GameObject: {fileID: 7590110515191794272}
  m_LocalRotation: {x: 0, y: 0, z: 0, w: 1}
  m_LocalPosition: {x: 0, y: 0, z: 0}
  m_LocalScale: {x: 1, y: 1, z: 1}
  m_Children: []
  m_Father: {fileID: 563607252954958194}
  m_RootOrder: 0
  m_LocalEulerAnglesHint: {x: 0, y: 0, z: 0}
--- !u!212 &334440142906333864
SpriteRenderer:
  m_ObjectHideFlags: 0
  m_CorrespondingSourceObject: {fileID: 0}
  m_PrefabInstance: {fileID: 0}
  m_PrefabAsset: {fileID: 0}
  m_GameObject: {fileID: 7590110515191794272}
  m_Enabled: 1
  m_CastShadows: 0
  m_ReceiveShadows: 0
  m_DynamicOccludee: 1
  m_MotionVectors: 1
  m_LightProbeUsage: 1
  m_ReflectionProbeUsage: 1
  m_RayTracingMode: 0
  m_RayTraceProcedural: 0
  m_RenderingLayerMask: 1
  m_RendererPriority: 0
  m_Materials:
  - {fileID: 10754, guid: 0000000000000000f000000000000000, type: 0}
  m_StaticBatchInfo:
    firstSubMesh: 0
    subMeshCount: 0
  m_StaticBatchRoot: {fileID: 0}
  m_ProbeAnchor: {fileID: 0}
  m_LightProbeVolumeOverride: {fileID: 0}
  m_ScaleInLightmap: 1
  m_ReceiveGI: 1
  m_PreserveUVs: 0
  m_IgnoreNormalsForChartDetection: 0
  m_ImportantGI: 0
  m_StitchLightmapSeams: 1
  m_SelectedEditorRenderState: 0
  m_MinimumChartSize: 4
  m_AutoUVMaxDistance: 0.5
  m_AutoUVMaxAngle: 89
  m_LightmapParameters: {fileID: 0}
  m_SortingLayerID: 0
  m_SortingLayer: 0
  m_SortingOrder: 0
  m_Sprite: {fileID: 21300000, guid: a95e1355732ae094ebfde7c2c8d1fe27, type: 3}
  m_Color: {r: 1, g: 1, b: 1, a: 1}
  m_FlipX: 0
  m_FlipY: 0
  m_DrawMode: 0
  m_Size: {x: 0.41, y: 0.41}
  m_AdaptiveModeThreshold: 0.5
  m_SpriteTileMode: 0
  m_WasSpriteAssigned: 1
  m_MaskInteraction: 0
  m_SpriteSortPoint: 0
--- !u!114 &5618734520945354155
MonoBehaviour:
  m_ObjectHideFlags: 0
  m_CorrespondingSourceObject: {fileID: 0}
  m_PrefabInstance: {fileID: 0}
  m_PrefabAsset: {fileID: 0}
  m_GameObject: {fileID: 7590110515191794272}
  m_Enabled: 1
  m_EditorHideFlags: 0
  m_Script: {fileID: 11500000, guid: 16df89f9072992b4190ced9ee1fc3be9, type: 3}
  m_Name: 
  m_EditorClassIdentifier: 
  _used: {fileID: 21300000, guid: 9e109b3343d41f148b740aa59cc376a5, type: 3}
  _unused: {fileID: 21300000, guid: a95e1355732ae094ebfde7c2c8d1fe27, type: 3}
--- !u!1 &8148468746235443038
GameObject:
  m_ObjectHideFlags: 0
  m_CorrespondingSourceObject: {fileID: 0}
  m_PrefabInstance: {fileID: 0}
  m_PrefabAsset: {fileID: 0}
  serializedVersion: 6
  m_Component:
  - component: {fileID: 8378719545223149224}
  - component: {fileID: 7890730030737530190}
  - component: {fileID: 4115372672179113113}
  - component: {fileID: 2349234251992629962}
  m_Layer: 0
  m_Name: Tower_Old (7)
  m_TagString: Untagged
  m_Icon: {fileID: 0}
  m_NavMeshLayer: 0
  m_StaticEditorFlags: 0
  m_IsActive: 1
--- !u!4 &8378719545223149224
Transform:
  m_ObjectHideFlags: 0
  m_CorrespondingSourceObject: {fileID: 0}
  m_PrefabInstance: {fileID: 0}
  m_PrefabAsset: {fileID: 0}
  m_GameObject: {fileID: 8148468746235443038}
  m_LocalRotation: {x: -0, y: -0, z: -0, w: 1}
  m_LocalPosition: {x: 0, y: 0, z: 0}
  m_LocalScale: {x: 1, y: 1, z: 1}
  m_Children:
  - {fileID: 9054360176622227943}
  m_Father: {fileID: 2247009443916478463}
  m_RootOrder: 0
  m_LocalEulerAnglesHint: {x: 0, y: 0, z: 0}
--- !u!33 &7890730030737530190
MeshFilter:
  m_ObjectHideFlags: 0
  m_CorrespondingSourceObject: {fileID: 0}
  m_PrefabInstance: {fileID: 0}
  m_PrefabAsset: {fileID: 0}
  m_GameObject: {fileID: 8148468746235443038}
  m_Mesh: {fileID: -1198743231517016826, guid: 3a2dd1fe3a52d6744aae3c2611843797, type: 3}
--- !u!23 &4115372672179113113
MeshRenderer:
  m_ObjectHideFlags: 0
  m_CorrespondingSourceObject: {fileID: 0}
  m_PrefabInstance: {fileID: 0}
  m_PrefabAsset: {fileID: 0}
  m_GameObject: {fileID: 8148468746235443038}
  m_Enabled: 1
  m_CastShadows: 1
  m_ReceiveShadows: 1
  m_DynamicOccludee: 1
  m_MotionVectors: 1
  m_LightProbeUsage: 1
  m_ReflectionProbeUsage: 1
  m_RayTracingMode: 2
  m_RayTraceProcedural: 0
  m_RenderingLayerMask: 1
  m_RendererPriority: 0
  m_Materials:
  - {fileID: 2100000, guid: 7e7939889aa1c504d99d090784e11584, type: 2}
  - {fileID: 2100000, guid: a1bfc93cee149e049b3c74eabd535e14, type: 2}
  m_StaticBatchInfo:
    firstSubMesh: 0
    subMeshCount: 0
  m_StaticBatchRoot: {fileID: 0}
  m_ProbeAnchor: {fileID: 0}
  m_LightProbeVolumeOverride: {fileID: 0}
  m_ScaleInLightmap: 1
  m_ReceiveGI: 1
  m_PreserveUVs: 0
  m_IgnoreNormalsForChartDetection: 0
  m_ImportantGI: 0
  m_StitchLightmapSeams: 1
  m_SelectedEditorRenderState: 3
  m_MinimumChartSize: 4
  m_AutoUVMaxDistance: 0.5
  m_AutoUVMaxAngle: 89
  m_LightmapParameters: {fileID: 0}
  m_SortingLayerID: 0
  m_SortingLayer: 0
  m_SortingOrder: 0
  m_AdditionalVertexStreams: {fileID: 0}
--- !u!114 &2349234251992629962
MonoBehaviour:
  m_ObjectHideFlags: 0
  m_CorrespondingSourceObject: {fileID: 0}
  m_PrefabInstance: {fileID: 0}
  m_PrefabAsset: {fileID: 0}
  m_GameObject: {fileID: 8148468746235443038}
  m_Enabled: 1
  m_EditorHideFlags: 0
  m_Script: {fileID: 11500000, guid: 897bde418c25ad44e8ed49d0982ba8ef, type: 3}
  m_Name: 
  m_EditorClassIdentifier: 
--- !u!1 &8334056886514968491
GameObject:
  m_ObjectHideFlags: 0
  m_CorrespondingSourceObject: {fileID: 0}
  m_PrefabInstance: {fileID: 0}
  m_PrefabAsset: {fileID: 0}
  serializedVersion: 6
  m_Component:
  - component: {fileID: 8488017525858998088}
  - component: {fileID: 5991524125210688642}
  - component: {fileID: 2652435428952515582}
  - component: {fileID: 6860959585673245219}
  m_Layer: 0
  m_Name: KeyIcon
  m_TagString: Untagged
  m_Icon: {fileID: 0}
  m_NavMeshLayer: 0
  m_StaticEditorFlags: 0
  m_IsActive: 0
--- !u!224 &8488017525858998088
RectTransform:
  m_ObjectHideFlags: 0
  m_CorrespondingSourceObject: {fileID: 0}
  m_PrefabInstance: {fileID: 0}
  m_PrefabAsset: {fileID: 0}
  m_GameObject: {fileID: 8334056886514968491}
  m_LocalRotation: {x: -0.24184473, y: -0.24184473, z: -0.66446304, w: 0.66446304}
  m_LocalPosition: {x: 0, y: 0, z: -51}
  m_LocalScale: {x: 1.5, y: 1.5, z: 1.5}
  m_Children: []
  m_Father: {fileID: 8338293221774031517}
  m_RootOrder: 1
  m_LocalEulerAnglesHint: {x: -40, y: 0, z: -90}
  m_AnchorMin: {x: 0.5, y: 0.5}
  m_AnchorMax: {x: 0.5, y: 0.5}
  m_AnchoredPosition: {x: 0, y: 80}
  m_SizeDelta: {x: 56, y: 122}
  m_Pivot: {x: 0.5, y: 0.5}
--- !u!222 &5991524125210688642
CanvasRenderer:
  m_ObjectHideFlags: 0
  m_CorrespondingSourceObject: {fileID: 0}
  m_PrefabInstance: {fileID: 0}
  m_PrefabAsset: {fileID: 0}
  m_GameObject: {fileID: 8334056886514968491}
  m_CullTransparentMesh: 1
--- !u!114 &2652435428952515582
MonoBehaviour:
  m_ObjectHideFlags: 0
  m_CorrespondingSourceObject: {fileID: 0}
  m_PrefabInstance: {fileID: 0}
  m_PrefabAsset: {fileID: 0}
  m_GameObject: {fileID: 8334056886514968491}
  m_Enabled: 1
  m_EditorHideFlags: 0
  m_Script: {fileID: 11500000, guid: fe87c0e1cc204ed48ad3b37840f39efc, type: 3}
  m_Name: 
  m_EditorClassIdentifier: 
  m_Material: {fileID: 0}
  m_Color: {r: 1, g: 1, b: 1, a: 1}
  m_RaycastTarget: 0
  m_RaycastPadding: {x: 0, y: 0, z: 0, w: 0}
  m_Maskable: 0
  m_OnCullStateChanged:
    m_PersistentCalls:
      m_Calls: []
  m_Sprite: {fileID: 21300000, guid: a51ddf6aecc36d542b867eb844b7f939, type: 3}
  m_Type: 0
  m_PreserveAspect: 0
  m_FillCenter: 1
  m_FillMethod: 4
  m_FillAmount: 1
  m_FillClockwise: 1
  m_FillOrigin: 0
  m_UseSpriteMesh: 0
  m_PixelsPerUnitMultiplier: 1
--- !u!114 &6860959585673245219
MonoBehaviour:
  m_ObjectHideFlags: 0
  m_CorrespondingSourceObject: {fileID: 0}
  m_PrefabInstance: {fileID: 0}
  m_PrefabAsset: {fileID: 0}
  m_GameObject: {fileID: 8334056886514968491}
  m_Enabled: 1
  m_EditorHideFlags: 0
  m_Script: {fileID: 11500000, guid: e19747de3f5aca642ab2be37e372fb86, type: 3}
  m_Name: 
  m_EditorClassIdentifier: 
  m_EffectColor: {r: 0, g: 0, b: 0, a: 1}
  m_EffectDistance: {x: 2, y: 2}
  m_UseGraphicAlpha: 1
--- !u!1 &8338293221507314163
GameObject:
  m_ObjectHideFlags: 0
  m_CorrespondingSourceObject: {fileID: 0}
  m_PrefabInstance: {fileID: 0}
  m_PrefabAsset: {fileID: 0}
  serializedVersion: 6
  m_Component:
  - component: {fileID: 8338293221507314164}
  - component: {fileID: 254910468}
  - component: {fileID: 2332692345013836811}
  m_Layer: 0
  m_Name: Connections
  m_TagString: Untagged
  m_Icon: {fileID: 0}
  m_NavMeshLayer: 0
  m_StaticEditorFlags: 0
  m_IsActive: 1
--- !u!4 &8338293221507314164
Transform:
  m_ObjectHideFlags: 0
  m_CorrespondingSourceObject: {fileID: 0}
  m_PrefabInstance: {fileID: 0}
  m_PrefabAsset: {fileID: 0}
  m_GameObject: {fileID: 8338293221507314163}
  m_LocalRotation: {x: 0, y: 0, z: 0, w: 1}
  m_LocalPosition: {x: 0, y: 0, z: 0}
  m_LocalScale: {x: 1, y: 1, z: 1}
  m_Children: []
  m_Father: {fileID: 8338293222144092663}
  m_RootOrder: 1
  m_LocalEulerAnglesHint: {x: 0, y: 0, z: 0}
--- !u!114 &254910468
MonoBehaviour:
  m_ObjectHideFlags: 0
  m_CorrespondingSourceObject: {fileID: 0}
  m_PrefabInstance: {fileID: 0}
  m_PrefabAsset: {fileID: 0}
  m_GameObject: {fileID: 8338293221507314163}
  m_Enabled: 1
  m_EditorHideFlags: 0
  m_Script: {fileID: 11500000, guid: 4a9b694a481ee4d42bd2f5695e66be99, type: 3}
  m_Name: 
  m_EditorClassIdentifier: 
  _owner: {fileID: 8338293222144092664}
  _timer: {fileID: 7771463388341157412}
  _towerLevelManager: {fileID: 5085766186495199205}
  _connectionPrefab: {fileID: 172898968782431341, guid: 121e2efd5043ac340a1fc4e8440e84c9, type: 3}
  _wallMask:
    serializedVersion: 2
    m_Bits: 320
--- !u!114 &2332692345013836811
MonoBehaviour:
  m_ObjectHideFlags: 0
  m_CorrespondingSourceObject: {fileID: 0}
  m_PrefabInstance: {fileID: 0}
  m_PrefabAsset: {fileID: 0}
  m_GameObject: {fileID: 8338293221507314163}
  m_Enabled: 1
  m_EditorHideFlags: 0
  m_Script: {fileID: 11500000, guid: 958c8739742d4a54997530f4fb41db8d, type: 3}
  m_Name: 
  m_EditorClassIdentifier: 
  _appearance: {fileID: 1142545371626453459}
--- !u!1 &8338293221703877592
GameObject:
  m_ObjectHideFlags: 0
  m_CorrespondingSourceObject: {fileID: 0}
  m_PrefabInstance: {fileID: 0}
  m_PrefabAsset: {fileID: 0}
  serializedVersion: 6
  m_Component:
  - component: {fileID: 8338293221703877593}
  - component: {fileID: 1142545371626453459}
  - component: {fileID: 3530371110518748001}
  m_Layer: 0
  m_Name: Tower
  m_TagString: Untagged
  m_Icon: {fileID: 0}
  m_NavMeshLayer: 0
  m_StaticEditorFlags: 0
  m_IsActive: 1
--- !u!4 &8338293221703877593
Transform:
  m_ObjectHideFlags: 0
  m_CorrespondingSourceObject: {fileID: 0}
  m_PrefabInstance: {fileID: 0}
  m_PrefabAsset: {fileID: 0}
  m_GameObject: {fileID: 8338293221703877592}
  m_LocalRotation: {x: 0, y: 0, z: 0, w: 1}
  m_LocalPosition: {x: 0, y: 0, z: 0}
  m_LocalScale: {x: 1.1, y: 1.1, z: 1.1}
  m_Children:
  - {fileID: 6578892211644023903}
  - {fileID: 8375895947886546172}
  - {fileID: 8375895947079864381}
  m_Father: {fileID: 8338293222144092663}
  m_RootOrder: 0
  m_LocalEulerAnglesHint: {x: 0, y: 0, z: 0}
--- !u!114 &1142545371626453459
MonoBehaviour:
  m_ObjectHideFlags: 0
  m_CorrespondingSourceObject: {fileID: 0}
  m_PrefabInstance: {fileID: 0}
  m_PrefabAsset: {fileID: 0}
  m_GameObject: {fileID: 8338293221703877592}
  m_Enabled: 1
  m_EditorHideFlags: 0
  m_Script: {fileID: 11500000, guid: 896877a87e0e42c4fb589e850cf21b8e, type: 3}
  m_Name: 
  m_EditorClassIdentifier: 
  _base: {fileID: 7238977986890217363}
  _baseFilter: {fileID: 4869221783722935129}
  _levels:
  - {fileID: 7238977987155831634}
  - {fileID: 2574947226852670349}
  - {fileID: 6489634810453939733}
  - {fileID: 2146840319594036428}
  - {fileID: 1430532760599665939}
  - {fileID: 7102064460122076946}
  - {fileID: 4421532578056323375}
  - {fileID: 4115372672179113113}
  _levelsFilters:
  - {fileID: 4869221782916915096}
  - {fileID: 505709812909476303}
  - {fileID: 5814451633173406181}
  - {fileID: 9030872764862644848}
  - {fileID: 6902271502580992192}
  - {fileID: 242127194137190460}
  - {fileID: 5935764724284329584}
  - {fileID: 7890730030737530190}
  _textureMaterial: {fileID: 2100000, guid: 7e7939889aa1c504d99d090784e11584, type: 2}
  _sword: {fileID: 4031340085235616591}
  _shield: {fileID: 3811873421522270829}
  _levelDestroyEffect: {fileID: 4461189108238095685}
  _fractionWawe: {fileID: 7457818553396675479}
  _maxValueEffect: {fileID: 7056711687092183076}
  _tower: {fileID: 8338293221703877593}
  _rageScale: {x: 1.3, y: 1.3, z: 1.3}
  _rageEffect: {fileID: 6578892211659328155}
  _extraPointsEffect: {fileID: 1589673201411628024}
--- !u!114 &3530371110518748001
MonoBehaviour:
  m_ObjectHideFlags: 0
  m_CorrespondingSourceObject: {fileID: 0}
  m_PrefabInstance: {fileID: 0}
  m_PrefabAsset: {fileID: 0}
  m_GameObject: {fileID: 8338293221703877592}
  m_Enabled: 1
  m_EditorHideFlags: 0
  m_Script: {fileID: 11500000, guid: f52d8112a68a50d4fb91b99be5b12275, type: 3}
  m_Name: 
  m_EditorClassIdentifier: 
  _kits:
  - {fileID: 11400000, guid: 08f24ee3a592e0f4481230b5895c8bdc, type: 2}
  - {fileID: 11400000, guid: 3ac474b4b683cee42b5ca709ad94d812, type: 2}
  - {fileID: 11400000, guid: 3b7d3779bc0541444aa45e247929aa2b, type: 2}
--- !u!1 &8338293221774031516
GameObject:
  m_ObjectHideFlags: 0
  m_CorrespondingSourceObject: {fileID: 0}
  m_PrefabInstance: {fileID: 0}
  m_PrefabAsset: {fileID: 0}
  serializedVersion: 6
  m_Component:
  - component: {fileID: 8338293221774031517}
  - component: {fileID: 8338293221774031488}
  - component: {fileID: 8338293221774031519}
  - component: {fileID: 8338293221774031518}
  m_Layer: 0
  m_Name: Canvas
  m_TagString: Untagged
  m_Icon: {fileID: 0}
  m_NavMeshLayer: 0
  m_StaticEditorFlags: 0
  m_IsActive: 1
--- !u!224 &8338293221774031517
RectTransform:
  m_ObjectHideFlags: 0
  m_CorrespondingSourceObject: {fileID: 0}
  m_PrefabInstance: {fileID: 0}
  m_PrefabAsset: {fileID: 0}
  m_GameObject: {fileID: 8338293221774031516}
  m_LocalRotation: {x: 0.7071068, y: -0, z: -0, w: 0.7071068}
  m_LocalPosition: {x: 0, y: 0, z: 0}
  m_LocalScale: {x: 0.010000001, y: 0.009999999, z: 0.009999999}
  m_Children:
  - {fileID: 8338293222392292563}
  - {fileID: 8488017525858998088}
  - {fileID: 5552249347852025466}
  m_Father: {fileID: 9054360176622227943}
  m_RootOrder: 0
  m_LocalEulerAnglesHint: {x: 90, y: 0, z: 0}
  m_AnchorMin: {x: 0, y: 0}
  m_AnchorMax: {x: 0, y: 0}
  m_AnchoredPosition: {x: 0, y: 1.5941997}
  m_SizeDelta: {x: 150, y: 100}
  m_Pivot: {x: 0.5, y: 0.5}
--- !u!223 &8338293221774031488
Canvas:
  m_ObjectHideFlags: 0
  m_CorrespondingSourceObject: {fileID: 0}
  m_PrefabInstance: {fileID: 0}
  m_PrefabAsset: {fileID: 0}
  m_GameObject: {fileID: 8338293221774031516}
  m_Enabled: 1
  serializedVersion: 3
  m_RenderMode: 2
  m_Camera: {fileID: 0}
  m_PlaneDistance: 100
  m_PixelPerfect: 0
  m_ReceivesEvents: 1
  m_OverrideSorting: 0
  m_OverridePixelPerfect: 0
  m_SortingBucketNormalizedSize: 0
  m_AdditionalShaderChannelsFlag: 0
  m_SortingLayerID: 0
  m_SortingOrder: 0
  m_TargetDisplay: 0
--- !u!114 &8338293221774031519
MonoBehaviour:
  m_ObjectHideFlags: 0
  m_CorrespondingSourceObject: {fileID: 0}
  m_PrefabInstance: {fileID: 0}
  m_PrefabAsset: {fileID: 0}
  m_GameObject: {fileID: 8338293221774031516}
  m_Enabled: 1
  m_EditorHideFlags: 0
  m_Script: {fileID: 11500000, guid: 0cd44c1031e13a943bb63640046fad76, type: 3}
  m_Name: 
  m_EditorClassIdentifier: 
  m_UiScaleMode: 0
  m_ReferencePixelsPerUnit: 100
  m_ScaleFactor: 1
  m_ReferenceResolution: {x: 800, y: 600}
  m_ScreenMatchMode: 0
  m_MatchWidthOrHeight: 0
  m_PhysicalUnit: 3
  m_FallbackScreenDPI: 96
  m_DefaultSpriteDPI: 96
  m_DynamicPixelsPerUnit: 1
  m_PresetInfoIsWorld: 1
--- !u!114 &8338293221774031518
MonoBehaviour:
  m_ObjectHideFlags: 0
  m_CorrespondingSourceObject: {fileID: 0}
  m_PrefabInstance: {fileID: 0}
  m_PrefabAsset: {fileID: 0}
  m_GameObject: {fileID: 8338293221774031516}
  m_Enabled: 1
  m_EditorHideFlags: 0
  m_Script: {fileID: 11500000, guid: dc42784cf147c0c48a680349fa168899, type: 3}
  m_Name: 
  m_EditorClassIdentifier: 
  m_IgnoreReversedGraphics: 1
  m_BlockingObjects: 0
  m_BlockingMask:
    serializedVersion: 2
    m_Bits: 4294967295
--- !u!1 &8338293222144092662
GameObject:
  m_ObjectHideFlags: 0
  m_CorrespondingSourceObject: {fileID: 0}
  m_PrefabInstance: {fileID: 0}
  m_PrefabAsset: {fileID: 0}
  serializedVersion: 6
  m_Component:
  - component: {fileID: 8338293222144092663}
  - component: {fileID: 4634586592521269031}
  - component: {fileID: 8338293222144092664}
  - component: {fileID: 5809141668247261427}
  - component: {fileID: 8338293222144092665}
  - component: {fileID: 5085766186495199205}
  - component: {fileID: 7771463388341157412}
  m_Layer: 6
  m_Name: AttackingTower
  m_TagString: Untagged
  m_Icon: {fileID: 0}
  m_NavMeshLayer: 0
  m_StaticEditorFlags: 0
  m_IsActive: 1
--- !u!4 &8338293222144092663
Transform:
  m_ObjectHideFlags: 0
  m_CorrespondingSourceObject: {fileID: 0}
  m_PrefabInstance: {fileID: 0}
  m_PrefabAsset: {fileID: 0}
  m_GameObject: {fileID: 8338293222144092662}
  m_LocalRotation: {x: 0, y: 0, z: 0, w: 1}
  m_LocalPosition: {x: 0, y: 0, z: 0}
  m_LocalScale: {x: 1, y: 1, z: 1}
  m_Children:
  - {fileID: 8338293221703877593}
  - {fileID: 8338293221507314164}
  - {fileID: 4089042910764562533}
  - {fileID: 7264062744110305788}
  m_Father: {fileID: 0}
  m_RootOrder: 0
  m_LocalEulerAnglesHint: {x: 0, y: 0, z: 0}
--- !u!65 &4634586592521269031
BoxCollider:
  m_ObjectHideFlags: 0
  m_CorrespondingSourceObject: {fileID: 0}
  m_PrefabInstance: {fileID: 0}
  m_PrefabAsset: {fileID: 0}
  m_GameObject: {fileID: 8338293222144092662}
  m_Material: {fileID: 0}
  m_IsTrigger: 0
  m_Enabled: 1
  serializedVersion: 2
  m_Size: {x: 4, y: 3, z: 4}
  m_Center: {x: 0, y: 1.3, z: 0}
--- !u!114 &8338293222144092664
MonoBehaviour:
  m_ObjectHideFlags: 0
  m_CorrespondingSourceObject: {fileID: 0}
  m_PrefabInstance: {fileID: 0}
  m_PrefabAsset: {fileID: 0}
  m_GameObject: {fileID: 8338293222144092662}
  m_Enabled: 1
  m_EditorHideFlags: 0
  m_Script: {fileID: 11500000, guid: 9afaceeef0fc8254aaf854ccf1167186, type: 3}
  m_Name: 
  m_EditorClassIdentifier: 
  Appearance: {fileID: 1142545371626453459}
  TowerPower: {fileID: 5809141668247261427}
  _fraction: 0
  _type: 2
  _door: {fileID: 0}
  _keyIcon: {fileID: 8334056886514968491}
  _incomingConnections: {fileID: 2332692345013836811}
  "_outcoming\u0421onnections": {fileID: 254910468}
--- !u!114 &5809141668247261427
MonoBehaviour:
  m_ObjectHideFlags: 0
  m_CorrespondingSourceObject: {fileID: 0}
  m_PrefabInstance: {fileID: 0}
  m_PrefabAsset: {fileID: 0}
  m_GameObject: {fileID: 8338293222144092662}
  m_Enabled: 1
  m_EditorHideFlags: 0
  m_Script: {fileID: 11500000, guid: db7c8901bc8a53148876464c916d9531, type: 3}
  m_Name: 
  m_EditorClassIdentifier: 
  _startValue: 10
  _maxValue: 70
  _amountText: {fileID: 8338293222392292564}
  _additionalPower: {fileID: 664310773476797832}
  _timer: {fileID: 7771463388341157412}
  _connectionController: {fileID: 254910468}
--- !u!114 &8338293222144092665
MonoBehaviour:
  m_ObjectHideFlags: 0
  m_CorrespondingSourceObject: {fileID: 0}
  m_PrefabInstance: {fileID: 0}
  m_PrefabAsset: {fileID: 0}
  m_GameObject: {fileID: 8338293222144092662}
  m_Enabled: 1
  m_EditorHideFlags: 0
  m_Script: {fileID: 11500000, guid: 0972e711639628d449620315ebda6d0f, type: 3}
  m_Name: 
  m_EditorClassIdentifier: 
  _timer: {fileID: 7771463388341157412}
  _connectionController: {fileID: 254910468}
--- !u!114 &5085766186495199205
MonoBehaviour:
  m_ObjectHideFlags: 0
  m_CorrespondingSourceObject: {fileID: 0}
  m_PrefabInstance: {fileID: 0}
  m_PrefabAsset: {fileID: 0}
  m_GameObject: {fileID: 8338293222144092662}
  m_Enabled: 1
  m_EditorHideFlags: 0
  m_Script: {fileID: 11500000, guid: 3fac135d60fed0f4480aeaa6d8811d90, type: 3}
  m_Name: 
  m_EditorClassIdentifier: 
  _risingTime: 0.33
  _height: 1
  _levelCost: 10
  _power: {fileID: 5809141668247261427}
  _levels:
  - {fileID: 4932361361014118714}
  - {fileID: 7525487885949629756}
  - {fileID: 1513596224260183596}
  - {fileID: 3973512406818976310}
  - {fileID: 2336856726276217624}
  - {fileID: 2709815602625869993}
  - {fileID: 2349234251992629962}
  _destroyEffect: {fileID: 4461189108238095685}
--- !u!114 &7771463388341157412
MonoBehaviour:
  m_ObjectHideFlags: 0
  m_CorrespondingSourceObject: {fileID: 0}
  m_PrefabInstance: {fileID: 0}
  m_PrefabAsset: {fileID: 0}
  m_GameObject: {fileID: 8338293222144092662}
  m_Enabled: 1
  m_EditorHideFlags: 0
  m_Script: {fileID: 11500000, guid: 600bf088ecfc5984990b83019d0ebcb6, type: 3}
  m_Name: 
  m_EditorClassIdentifier: 
  _owner: {fileID: 8338293222144092664}
  _power: {fileID: 5809141668247261427}
  _timerSettings: {fileID: 11400000, guid: eed6922976913df409940341e1caaae7, type: 2}
  _delay: 0
--- !u!1 &8338293222392292562
GameObject:
  m_ObjectHideFlags: 0
  m_CorrespondingSourceObject: {fileID: 0}
  m_PrefabInstance: {fileID: 0}
  m_PrefabAsset: {fileID: 0}
  serializedVersion: 6
  m_Component:
  - component: {fileID: 8338293222392292563}
  - component: {fileID: 8338293222392292565}
  - component: {fileID: 8338293222392292564}
  - component: {fileID: 8338293222392292566}
  m_Layer: 0
  m_Name: Power
  m_TagString: Untagged
  m_Icon: {fileID: 0}
  m_NavMeshLayer: 0
  m_StaticEditorFlags: 0
  m_IsActive: 1
--- !u!224 &8338293222392292563
RectTransform:
  m_ObjectHideFlags: 0
  m_CorrespondingSourceObject: {fileID: 0}
  m_PrefabInstance: {fileID: 0}
  m_PrefabAsset: {fileID: 0}
  m_GameObject: {fileID: 8338293222392292562}
  m_LocalRotation: {x: -0.3420201, y: 0, z: 0, w: 0.9396927}
  m_LocalPosition: {x: 0, y: 0, z: 0}
  m_LocalScale: {x: 1, y: 1, z: 1}
  m_Children: []
  m_Father: {fileID: 8338293221774031517}
  m_RootOrder: 0
  m_LocalEulerAnglesHint: {x: -40, y: 0, z: 0}
  m_AnchorMin: {x: 0, y: 0}
  m_AnchorMax: {x: 1, y: 1}
  m_AnchoredPosition: {x: 0, y: 0}
  m_SizeDelta: {x: 0, y: 0}
  m_Pivot: {x: 0.5, y: 0.5}
--- !u!222 &8338293222392292565
CanvasRenderer:
  m_ObjectHideFlags: 0
  m_CorrespondingSourceObject: {fileID: 0}
  m_PrefabInstance: {fileID: 0}
  m_PrefabAsset: {fileID: 0}
  m_GameObject: {fileID: 8338293222392292562}
  m_CullTransparentMesh: 1
--- !u!114 &8338293222392292564
MonoBehaviour:
  m_ObjectHideFlags: 0
  m_CorrespondingSourceObject: {fileID: 0}
  m_PrefabInstance: {fileID: 0}
  m_PrefabAsset: {fileID: 0}
  m_GameObject: {fileID: 8338293222392292562}
  m_Enabled: 1
  m_EditorHideFlags: 0
  m_Script: {fileID: 11500000, guid: 5f7201a12d95ffc409449d95f23cf332, type: 3}
  m_Name: 
  m_EditorClassIdentifier: 
  m_Material: {fileID: 0}
  m_Color: {r: 1, g: 1, b: 1, a: 1}
  m_RaycastTarget: 0
  m_RaycastPadding: {x: 0, y: 0, z: 0, w: 0}
  m_Maskable: 0
  m_OnCullStateChanged:
    m_PersistentCalls:
      m_Calls: []
  m_FontData:
    m_Font: {fileID: 12800000, guid: d7a02974643dac94883b583275611add, type: 3}
    m_FontSize: 14
    m_FontStyle: 0
    m_BestFit: 1
    m_MinSize: 14
    m_MaxSize: 80
    m_Alignment: 4
    m_AlignByGeometry: 0
    m_RichText: 1
    m_HorizontalOverflow: 0
    m_VerticalOverflow: 0
    m_LineSpacing: 1
  m_Text: 0
--- !u!114 &8338293222392292566
MonoBehaviour:
  m_ObjectHideFlags: 0
  m_CorrespondingSourceObject: {fileID: 0}
  m_PrefabInstance: {fileID: 0}
  m_PrefabAsset: {fileID: 0}
  m_GameObject: {fileID: 8338293222392292562}
  m_Enabled: 1
  m_EditorHideFlags: 0
  m_Script: {fileID: 11500000, guid: e19747de3f5aca642ab2be37e372fb86, type: 3}
  m_Name: 
  m_EditorClassIdentifier: 
  m_EffectColor: {r: 0, g: 0, b: 0, a: 1}
  m_EffectDistance: {x: 1, y: -1}
  m_UseGraphicAlpha: 1
--- !u!1 &8813784742969700735
GameObject:
  m_ObjectHideFlags: 0
  m_CorrespondingSourceObject: {fileID: 0}
  m_PrefabInstance: {fileID: 0}
  m_PrefabAsset: {fileID: 0}
  serializedVersion: 6
  m_Component:
  - component: {fileID: 2103363275686468699}
  - component: {fileID: 3178617932592760926}
  - component: {fileID: 3811873421522270829}
  m_Layer: 0
  m_Name: Shield
  m_TagString: Untagged
  m_Icon: {fileID: 0}
  m_NavMeshLayer: 0
  m_StaticEditorFlags: 0
  m_IsActive: 1
--- !u!4 &2103363275686468699
Transform:
  m_ObjectHideFlags: 0
  m_CorrespondingSourceObject: {fileID: 0}
  m_PrefabInstance: {fileID: 0}
  m_PrefabAsset: {fileID: 0}
  m_GameObject: {fileID: 8813784742969700735}
  m_LocalRotation: {x: -0.3420201, y: -0, z: -0, w: -0.9396927}
  m_LocalPosition: {x: 0, y: 4, z: 0}
  m_LocalScale: {x: 0, y: 0, z: 0}
  m_Children: []
  m_Father: {fileID: 9054360176622227943}
  m_RootOrder: 5
  m_LocalEulerAnglesHint: {x: 40, y: 0, z: 0}
--- !u!212 &3178617932592760926
SpriteRenderer:
  m_ObjectHideFlags: 0
  m_CorrespondingSourceObject: {fileID: 0}
  m_PrefabInstance: {fileID: 0}
  m_PrefabAsset: {fileID: 0}
  m_GameObject: {fileID: 8813784742969700735}
  m_Enabled: 1
  m_CastShadows: 0
  m_ReceiveShadows: 0
  m_DynamicOccludee: 1
  m_MotionVectors: 1
  m_LightProbeUsage: 1
  m_ReflectionProbeUsage: 1
  m_RayTracingMode: 0
  m_RayTraceProcedural: 0
  m_RenderingLayerMask: 1
  m_RendererPriority: 0
  m_Materials:
  - {fileID: 10754, guid: 0000000000000000f000000000000000, type: 0}
  m_StaticBatchInfo:
    firstSubMesh: 0
    subMeshCount: 0
  m_StaticBatchRoot: {fileID: 0}
  m_ProbeAnchor: {fileID: 0}
  m_LightProbeVolumeOverride: {fileID: 0}
  m_ScaleInLightmap: 1
  m_ReceiveGI: 1
  m_PreserveUVs: 0
  m_IgnoreNormalsForChartDetection: 0
  m_ImportantGI: 0
  m_StitchLightmapSeams: 1
  m_SelectedEditorRenderState: 0
  m_MinimumChartSize: 4
  m_AutoUVMaxDistance: 0.5
  m_AutoUVMaxAngle: 89
  m_LightmapParameters: {fileID: 0}
  m_SortingLayerID: 0
  m_SortingLayer: 0
  m_SortingOrder: 0
  m_Sprite: {fileID: 21300000, guid: 6691908b67d0eaf478eb7a8ef546f2b4, type: 3}
  m_Color: {r: 1, g: 1, b: 1, a: 1}
  m_FlipX: 0
  m_FlipY: 0
  m_DrawMode: 0
  m_Size: {x: 0.83, y: 0.85}
  m_AdaptiveModeThreshold: 0.5
  m_SpriteTileMode: 0
  m_WasSpriteAssigned: 1
  m_MaskInteraction: 0
  m_SpriteSortPoint: 0
--- !u!114 &3811873421522270829
MonoBehaviour:
  m_ObjectHideFlags: 0
  m_CorrespondingSourceObject: {fileID: 0}
  m_PrefabInstance: {fileID: 0}
  m_PrefabAsset: {fileID: 0}
  m_GameObject: {fileID: 8813784742969700735}
  m_Enabled: 1
  m_EditorHideFlags: 0
  m_Script: {fileID: 11500000, guid: 44605dbe27231694cb1d2308c9770d4e, type: 3}
  m_Name: 
  m_EditorClassIdentifier: 
  _shiftPosition: 0.5
--- !u!1 &8833995420440333788
GameObject:
  m_ObjectHideFlags: 0
  m_CorrespondingSourceObject: {fileID: 0}
  m_PrefabInstance: {fileID: 0}
  m_PrefabAsset: {fileID: 0}
  serializedVersion: 6
  m_Component:
  - component: {fileID: 536523252587788918}
  - component: {fileID: 242127194137190460}
  - component: {fileID: 7102064460122076946}
  - component: {fileID: 2336856726276217624}
  m_Layer: 0
  m_Name: Tower_Old (5)
  m_TagString: Untagged
  m_Icon: {fileID: 0}
  m_NavMeshLayer: 0
  m_StaticEditorFlags: 0
  m_IsActive: 1
--- !u!4 &536523252587788918
Transform:
  m_ObjectHideFlags: 0
  m_CorrespondingSourceObject: {fileID: 0}
  m_PrefabInstance: {fileID: 0}
  m_PrefabAsset: {fileID: 0}
  m_GameObject: {fileID: 8833995420440333788}
  m_LocalRotation: {x: -0, y: -0, z: -0, w: 1}
  m_LocalPosition: {x: 0, y: 0, z: 0}
  m_LocalScale: {x: 1, y: 1, z: 1}
  m_Children:
  - {fileID: 2247009443916478463}
  m_Father: {fileID: 8475525521620277997}
  m_RootOrder: 0
  m_LocalEulerAnglesHint: {x: 0, y: 0, z: 0}
--- !u!33 &242127194137190460
MeshFilter:
  m_ObjectHideFlags: 0
  m_CorrespondingSourceObject: {fileID: 0}
  m_PrefabInstance: {fileID: 0}
  m_PrefabAsset: {fileID: 0}
  m_GameObject: {fileID: 8833995420440333788}
  m_Mesh: {fileID: -1198743231517016826, guid: 3a2dd1fe3a52d6744aae3c2611843797, type: 3}
--- !u!23 &7102064460122076946
MeshRenderer:
  m_ObjectHideFlags: 0
  m_CorrespondingSourceObject: {fileID: 0}
  m_PrefabInstance: {fileID: 0}
  m_PrefabAsset: {fileID: 0}
  m_GameObject: {fileID: 8833995420440333788}
  m_Enabled: 1
  m_CastShadows: 1
  m_ReceiveShadows: 1
  m_DynamicOccludee: 1
  m_MotionVectors: 1
  m_LightProbeUsage: 1
  m_ReflectionProbeUsage: 1
  m_RayTracingMode: 2
  m_RayTraceProcedural: 0
  m_RenderingLayerMask: 1
  m_RendererPriority: 0
  m_Materials:
  - {fileID: 2100000, guid: 7e7939889aa1c504d99d090784e11584, type: 2}
  - {fileID: 2100000, guid: a1bfc93cee149e049b3c74eabd535e14, type: 2}
  m_StaticBatchInfo:
    firstSubMesh: 0
    subMeshCount: 0
  m_StaticBatchRoot: {fileID: 0}
  m_ProbeAnchor: {fileID: 0}
  m_LightProbeVolumeOverride: {fileID: 0}
  m_ScaleInLightmap: 1
  m_ReceiveGI: 1
  m_PreserveUVs: 0
  m_IgnoreNormalsForChartDetection: 0
  m_ImportantGI: 0
  m_StitchLightmapSeams: 1
  m_SelectedEditorRenderState: 3
  m_MinimumChartSize: 4
  m_AutoUVMaxDistance: 0.5
  m_AutoUVMaxAngle: 89
  m_LightmapParameters: {fileID: 0}
  m_SortingLayerID: 0
  m_SortingLayer: 0
  m_SortingOrder: 0
  m_AdditionalVertexStreams: {fileID: 0}
--- !u!114 &2336856726276217624
MonoBehaviour:
  m_ObjectHideFlags: 0
  m_CorrespondingSourceObject: {fileID: 0}
  m_PrefabInstance: {fileID: 0}
  m_PrefabAsset: {fileID: 0}
  m_GameObject: {fileID: 8833995420440333788}
  m_Enabled: 1
  m_EditorHideFlags: 0
  m_Script: {fileID: 11500000, guid: 897bde418c25ad44e8ed49d0982ba8ef, type: 3}
  m_Name: 
  m_EditorClassIdentifier: 
--- !u!1 &9184801512883489415
GameObject:
  m_ObjectHideFlags: 0
  m_CorrespondingSourceObject: {fileID: 0}
  m_PrefabInstance: {fileID: 0}
  m_PrefabAsset: {fileID: 0}
  serializedVersion: 6
  m_Component:
  - component: {fileID: 8375895947079864381}
  - component: {fileID: 4869221782916915096}
  - component: {fileID: 7238977987155831634}
  m_Layer: 0
  m_Name: Tower_Old
  m_TagString: Untagged
  m_Icon: {fileID: 0}
  m_NavMeshLayer: 0
  m_StaticEditorFlags: 0
  m_IsActive: 1
--- !u!4 &8375895947079864381
Transform:
  m_ObjectHideFlags: 0
  m_CorrespondingSourceObject: {fileID: 0}
  m_PrefabInstance: {fileID: 0}
  m_PrefabAsset: {fileID: 0}
  m_GameObject: {fileID: 9184801512883489415}
  m_LocalRotation: {x: 0, y: 1, z: 0, w: 0}
  m_LocalPosition: {x: 0, y: 1.6058002, z: 0}
  m_LocalScale: {x: 1, y: 1, z: 1}
  m_Children:
  - {fileID: 2501624703778347463}
  m_Father: {fileID: 8338293221703877593}
  m_RootOrder: 2
  m_LocalEulerAnglesHint: {x: 0, y: 180, z: 0}
--- !u!33 &4869221782916915096
MeshFilter:
  m_ObjectHideFlags: 0
  m_CorrespondingSourceObject: {fileID: 0}
  m_PrefabInstance: {fileID: 0}
  m_PrefabAsset: {fileID: 0}
  m_GameObject: {fileID: 9184801512883489415}
  m_Mesh: {fileID: -1198743231517016826, guid: 3a2dd1fe3a52d6744aae3c2611843797, type: 3}
--- !u!23 &7238977987155831634
MeshRenderer:
  m_ObjectHideFlags: 0
  m_CorrespondingSourceObject: {fileID: 0}
  m_PrefabInstance: {fileID: 0}
  m_PrefabAsset: {fileID: 0}
  m_GameObject: {fileID: 9184801512883489415}
  m_Enabled: 1
  m_CastShadows: 1
  m_ReceiveShadows: 1
  m_DynamicOccludee: 1
  m_MotionVectors: 1
  m_LightProbeUsage: 1
  m_ReflectionProbeUsage: 1
  m_RayTracingMode: 2
  m_RayTraceProcedural: 0
  m_RenderingLayerMask: 1
  m_RendererPriority: 0
  m_Materials:
  - {fileID: 2100000, guid: 7e7939889aa1c504d99d090784e11584, type: 2}
  - {fileID: 2100000, guid: a1bfc93cee149e049b3c74eabd535e14, type: 2}
  m_StaticBatchInfo:
    firstSubMesh: 0
    subMeshCount: 0
  m_StaticBatchRoot: {fileID: 0}
  m_ProbeAnchor: {fileID: 0}
  m_LightProbeVolumeOverride: {fileID: 0}
  m_ScaleInLightmap: 1
  m_ReceiveGI: 1
  m_PreserveUVs: 0
  m_IgnoreNormalsForChartDetection: 0
  m_ImportantGI: 0
  m_StitchLightmapSeams: 1
  m_SelectedEditorRenderState: 3
  m_MinimumChartSize: 4
  m_AutoUVMaxDistance: 0.5
  m_AutoUVMaxAngle: 89
  m_LightmapParameters: {fileID: 0}
  m_SortingLayerID: 0
  m_SortingLayer: 0
  m_SortingOrder: 0
  m_AdditionalVertexStreams: {fileID: 0}
--- !u!1 &9184801513151206982
GameObject:
  m_ObjectHideFlags: 0
  m_CorrespondingSourceObject: {fileID: 0}
  m_PrefabInstance: {fileID: 0}
  m_PrefabAsset: {fileID: 0}
  serializedVersion: 6
  m_Component:
  - component: {fileID: 8375895947886546172}
  - component: {fileID: 4869221783722935129}
  - component: {fileID: 7238977986890217363}
  m_Layer: 0
  m_Name: Tower_Old_Base
  m_TagString: Untagged
  m_Icon: {fileID: 0}
  m_NavMeshLayer: 0
  m_StaticEditorFlags: 0
  m_IsActive: 1
--- !u!4 &8375895947886546172
Transform:
  m_ObjectHideFlags: 0
  m_CorrespondingSourceObject: {fileID: 0}
  m_PrefabInstance: {fileID: 0}
  m_PrefabAsset: {fileID: 0}
  m_GameObject: {fileID: 9184801513151206982}
  m_LocalRotation: {x: -0, y: -0, z: -0, w: 1}
  m_LocalPosition: {x: 0, y: 0, z: 0}
  m_LocalScale: {x: 1, y: 1, z: 1}
  m_Children: []
  m_Father: {fileID: 8338293221703877593}
  m_RootOrder: 1
  m_LocalEulerAnglesHint: {x: 0, y: 0, z: 0}
--- !u!33 &4869221783722935129
MeshFilter:
  m_ObjectHideFlags: 0
  m_CorrespondingSourceObject: {fileID: 0}
  m_PrefabInstance: {fileID: 0}
  m_PrefabAsset: {fileID: 0}
  m_GameObject: {fileID: 9184801513151206982}
  m_Mesh: {fileID: -153830957423991239, guid: 5866c7c397d9f7c46a54eaa93bc599e4, type: 3}
--- !u!23 &7238977986890217363
MeshRenderer:
  m_ObjectHideFlags: 0
  m_CorrespondingSourceObject: {fileID: 0}
  m_PrefabInstance: {fileID: 0}
  m_PrefabAsset: {fileID: 0}
  m_GameObject: {fileID: 9184801513151206982}
  m_Enabled: 1
  m_CastShadows: 1
  m_ReceiveShadows: 1
  m_DynamicOccludee: 1
  m_MotionVectors: 1
  m_LightProbeUsage: 1
  m_ReflectionProbeUsage: 1
  m_RayTracingMode: 2
  m_RayTraceProcedural: 0
  m_RenderingLayerMask: 1
  m_RendererPriority: 0
  m_Materials:
  - {fileID: 2100000, guid: 7e7939889aa1c504d99d090784e11584, type: 2}
  - {fileID: 2100000, guid: a1bfc93cee149e049b3c74eabd535e14, type: 2}
  m_StaticBatchInfo:
    firstSubMesh: 0
    subMeshCount: 0
  m_StaticBatchRoot: {fileID: 0}
  m_ProbeAnchor: {fileID: 0}
  m_LightProbeVolumeOverride: {fileID: 0}
  m_ScaleInLightmap: 1
  m_ReceiveGI: 1
  m_PreserveUVs: 0
  m_IgnoreNormalsForChartDetection: 0
  m_ImportantGI: 0
  m_StitchLightmapSeams: 1
  m_SelectedEditorRenderState: 3
  m_MinimumChartSize: 4
  m_AutoUVMaxDistance: 0.5
  m_AutoUVMaxAngle: 89
  m_LightmapParameters: {fileID: 0}
  m_SortingLayerID: 0
  m_SortingLayer: 0
  m_SortingOrder: 0
  m_AdditionalVertexStreams: {fileID: 0}
--- !u!1001 &360505148802167288
PrefabInstance:
  m_ObjectHideFlags: 0
  serializedVersion: 2
  m_Modification:
    m_TransformParent: {fileID: 8338293222144092663}
    m_Modifications:
    - target: {fileID: 3123446889622476003, guid: f5d8fa7a30d575640be37e2913db1ef3, type: 3}
      propertyPath: m_Name
      value: MaxLevelPS
      objectReference: {fileID: 0}
    - target: {fileID: 5984464274608877261, guid: f5d8fa7a30d575640be37e2913db1ef3, type: 3}
      propertyPath: m_Materials.Array.data[0]
      value: 
      objectReference: {fileID: 0}
    - target: {fileID: 5984464274608877261, guid: f5d8fa7a30d575640be37e2913db1ef3, type: 3}
      propertyPath: m_Materials.Array.data[1]
      value: 
      objectReference: {fileID: 0}
    - target: {fileID: 7048106004589142020, guid: f5d8fa7a30d575640be37e2913db1ef3, type: 3}
      propertyPath: m_RootOrder
      value: 3
      objectReference: {fileID: 0}
    - target: {fileID: 7048106004589142020, guid: f5d8fa7a30d575640be37e2913db1ef3, type: 3}
      propertyPath: m_LocalPosition.x
      value: 0
      objectReference: {fileID: 0}
    - target: {fileID: 7048106004589142020, guid: f5d8fa7a30d575640be37e2913db1ef3, type: 3}
      propertyPath: m_LocalPosition.y
      value: 0
      objectReference: {fileID: 0}
    - target: {fileID: 7048106004589142020, guid: f5d8fa7a30d575640be37e2913db1ef3, type: 3}
      propertyPath: m_LocalPosition.z
      value: 0
      objectReference: {fileID: 0}
    - target: {fileID: 7048106004589142020, guid: f5d8fa7a30d575640be37e2913db1ef3, type: 3}
      propertyPath: m_LocalRotation.w
      value: 0.70710653
      objectReference: {fileID: 0}
    - target: {fileID: 7048106004589142020, guid: f5d8fa7a30d575640be37e2913db1ef3, type: 3}
      propertyPath: m_LocalRotation.x
      value: -0.70710707
      objectReference: {fileID: 0}
    - target: {fileID: 7048106004589142020, guid: f5d8fa7a30d575640be37e2913db1ef3, type: 3}
      propertyPath: m_LocalRotation.y
      value: -0
      objectReference: {fileID: 0}
    - target: {fileID: 7048106004589142020, guid: f5d8fa7a30d575640be37e2913db1ef3, type: 3}
      propertyPath: m_LocalRotation.z
      value: -0
      objectReference: {fileID: 0}
    - target: {fileID: 7048106004589142020, guid: f5d8fa7a30d575640be37e2913db1ef3, type: 3}
      propertyPath: m_LocalEulerAnglesHint.x
      value: -90.00001
      objectReference: {fileID: 0}
    - target: {fileID: 7048106004589142020, guid: f5d8fa7a30d575640be37e2913db1ef3, type: 3}
      propertyPath: m_LocalEulerAnglesHint.y
      value: 0
      objectReference: {fileID: 0}
    - target: {fileID: 7048106004589142020, guid: f5d8fa7a30d575640be37e2913db1ef3, type: 3}
      propertyPath: m_LocalEulerAnglesHint.z
      value: 0
      objectReference: {fileID: 0}
    m_RemovedComponents: []
  m_SourcePrefab: {fileID: 100100000, guid: f5d8fa7a30d575640be37e2913db1ef3, type: 3}
--- !u!4 &7264062744110305788 stripped
Transform:
  m_CorrespondingSourceObject: {fileID: 7048106004589142020, guid: f5d8fa7a30d575640be37e2913db1ef3, type: 3}
  m_PrefabInstance: {fileID: 360505148802167288}
  m_PrefabAsset: {fileID: 0}
--- !u!198 &7056711687092183076 stripped
ParticleSystem:
  m_CorrespondingSourceObject: {fileID: 7272957577233125852, guid: f5d8fa7a30d575640be37e2913db1ef3, type: 3}
  m_PrefabInstance: {fileID: 360505148802167288}
  m_PrefabAsset: {fileID: 0}
--- !u!1001 &1589673201396860902
PrefabInstance:
  m_ObjectHideFlags: 0
  serializedVersion: 2
  m_Modification:
    m_TransformParent: {fileID: 9054360176622227943}
    m_Modifications:
    - target: {fileID: 159062, guid: e4fc72c1b3da74d4697708bcd2a9db60, type: 3}
      propertyPath: m_Name
      value: MagicPillarBlastBlue
      objectReference: {fileID: 0}
    - target: {fileID: 451792, guid: e4fc72c1b3da74d4697708bcd2a9db60, type: 3}
      propertyPath: m_RootOrder
      value: 2
      objectReference: {fileID: 0}
    - target: {fileID: 451792, guid: e4fc72c1b3da74d4697708bcd2a9db60, type: 3}
      propertyPath: m_LocalPosition.x
      value: 0
      objectReference: {fileID: 0}
    - target: {fileID: 451792, guid: e4fc72c1b3da74d4697708bcd2a9db60, type: 3}
      propertyPath: m_LocalPosition.y
      value: 0
      objectReference: {fileID: 0}
    - target: {fileID: 451792, guid: e4fc72c1b3da74d4697708bcd2a9db60, type: 3}
      propertyPath: m_LocalPosition.z
      value: 0
      objectReference: {fileID: 0}
    - target: {fileID: 451792, guid: e4fc72c1b3da74d4697708bcd2a9db60, type: 3}
      propertyPath: m_LocalRotation.w
      value: 0.7071068
      objectReference: {fileID: 0}
    - target: {fileID: 451792, guid: e4fc72c1b3da74d4697708bcd2a9db60, type: 3}
      propertyPath: m_LocalRotation.x
      value: -0.7071068
      objectReference: {fileID: 0}
    - target: {fileID: 451792, guid: e4fc72c1b3da74d4697708bcd2a9db60, type: 3}
      propertyPath: m_LocalRotation.y
      value: 0
      objectReference: {fileID: 0}
    - target: {fileID: 451792, guid: e4fc72c1b3da74d4697708bcd2a9db60, type: 3}
      propertyPath: m_LocalRotation.z
      value: 0
      objectReference: {fileID: 0}
    - target: {fileID: 451792, guid: e4fc72c1b3da74d4697708bcd2a9db60, type: 3}
      propertyPath: m_LocalEulerAnglesHint.x
      value: -90
      objectReference: {fileID: 0}
    - target: {fileID: 451792, guid: e4fc72c1b3da74d4697708bcd2a9db60, type: 3}
      propertyPath: m_LocalEulerAnglesHint.y
      value: 0
      objectReference: {fileID: 0}
    - target: {fileID: 451792, guid: e4fc72c1b3da74d4697708bcd2a9db60, type: 3}
      propertyPath: m_LocalEulerAnglesHint.z
      value: 0
      objectReference: {fileID: 0}
    m_RemovedComponents: []
  m_SourcePrefab: {fileID: 100100000, guid: e4fc72c1b3da74d4697708bcd2a9db60, type: 3}
--- !u!198 &1589673201411628024 stripped
ParticleSystem:
  m_CorrespondingSourceObject: {fileID: 19848222, guid: e4fc72c1b3da74d4697708bcd2a9db60, type: 3}
  m_PrefabInstance: {fileID: 1589673201396860902}
  m_PrefabAsset: {fileID: 0}
--- !u!4 &1589673201396425526 stripped
Transform:
  m_CorrespondingSourceObject: {fileID: 451792, guid: e4fc72c1b3da74d4697708bcd2a9db60, type: 3}
  m_PrefabInstance: {fileID: 1589673201396860902}
  m_PrefabAsset: {fileID: 0}
--- !u!1001 &5328408960297464563
PrefabInstance:
  m_ObjectHideFlags: 0
  serializedVersion: 2
  m_Modification:
    m_TransformParent: {fileID: 8338293221774031517}
    m_Modifications:
    - target: {fileID: 360220807698631817, guid: 5789b453fef8a8341929fc9051c612fb, type: 3}
      propertyPath: m_Pivot.x
      value: 0.5
      objectReference: {fileID: 0}
    - target: {fileID: 360220807698631817, guid: 5789b453fef8a8341929fc9051c612fb, type: 3}
      propertyPath: m_Pivot.y
      value: 0.5
      objectReference: {fileID: 0}
    - target: {fileID: 360220807698631817, guid: 5789b453fef8a8341929fc9051c612fb, type: 3}
      propertyPath: m_RootOrder
      value: 2
      objectReference: {fileID: 0}
    - target: {fileID: 360220807698631817, guid: 5789b453fef8a8341929fc9051c612fb, type: 3}
      propertyPath: m_AnchorMax.x
      value: 0.5
      objectReference: {fileID: 0}
    - target: {fileID: 360220807698631817, guid: 5789b453fef8a8341929fc9051c612fb, type: 3}
      propertyPath: m_AnchorMax.y
      value: 0.5
      objectReference: {fileID: 0}
    - target: {fileID: 360220807698631817, guid: 5789b453fef8a8341929fc9051c612fb, type: 3}
      propertyPath: m_AnchorMin.x
      value: 0.5
      objectReference: {fileID: 0}
    - target: {fileID: 360220807698631817, guid: 5789b453fef8a8341929fc9051c612fb, type: 3}
      propertyPath: m_AnchorMin.y
      value: 0.5
      objectReference: {fileID: 0}
    - target: {fileID: 360220807698631817, guid: 5789b453fef8a8341929fc9051c612fb, type: 3}
      propertyPath: m_SizeDelta.x
      value: 150
      objectReference: {fileID: 0}
    - target: {fileID: 360220807698631817, guid: 5789b453fef8a8341929fc9051c612fb, type: 3}
      propertyPath: m_SizeDelta.y
      value: 100
      objectReference: {fileID: 0}
    - target: {fileID: 360220807698631817, guid: 5789b453fef8a8341929fc9051c612fb, type: 3}
      propertyPath: m_LocalPosition.x
      value: 0
      objectReference: {fileID: 0}
    - target: {fileID: 360220807698631817, guid: 5789b453fef8a8341929fc9051c612fb, type: 3}
      propertyPath: m_LocalPosition.y
      value: 0
      objectReference: {fileID: 0}
    - target: {fileID: 360220807698631817, guid: 5789b453fef8a8341929fc9051c612fb, type: 3}
      propertyPath: m_LocalPosition.z
      value: 0
      objectReference: {fileID: 0}
    - target: {fileID: 360220807698631817, guid: 5789b453fef8a8341929fc9051c612fb, type: 3}
      propertyPath: m_LocalRotation.w
      value: 0.9396927
      objectReference: {fileID: 0}
    - target: {fileID: 360220807698631817, guid: 5789b453fef8a8341929fc9051c612fb, type: 3}
      propertyPath: m_LocalRotation.x
      value: -0.3420201
      objectReference: {fileID: 0}
    - target: {fileID: 360220807698631817, guid: 5789b453fef8a8341929fc9051c612fb, type: 3}
      propertyPath: m_LocalRotation.y
      value: 0
      objectReference: {fileID: 0}
    - target: {fileID: 360220807698631817, guid: 5789b453fef8a8341929fc9051c612fb, type: 3}
      propertyPath: m_LocalRotation.z
      value: 0
      objectReference: {fileID: 0}
    - target: {fileID: 360220807698631817, guid: 5789b453fef8a8341929fc9051c612fb, type: 3}
      propertyPath: m_AnchoredPosition.x
      value: 0
      objectReference: {fileID: 0}
    - target: {fileID: 360220807698631817, guid: 5789b453fef8a8341929fc9051c612fb, type: 3}
      propertyPath: m_AnchoredPosition.y
      value: 0
      objectReference: {fileID: 0}
    - target: {fileID: 360220807698631817, guid: 5789b453fef8a8341929fc9051c612fb, type: 3}
      propertyPath: m_LocalEulerAnglesHint.x
      value: -40
      objectReference: {fileID: 0}
    - target: {fileID: 360220807698631817, guid: 5789b453fef8a8341929fc9051c612fb, type: 3}
      propertyPath: m_LocalEulerAnglesHint.y
      value: 0
      objectReference: {fileID: 0}
    - target: {fileID: 360220807698631817, guid: 5789b453fef8a8341929fc9051c612fb, type: 3}
      propertyPath: m_LocalEulerAnglesHint.z
      value: 0
      objectReference: {fileID: 0}
    - target: {fileID: 8096462292407434135, guid: 5789b453fef8a8341929fc9051c612fb, type: 3}
      propertyPath: m_Name
      value: AdditionalPower
      objectReference: {fileID: 0}
    m_RemovedComponents: []
  m_SourcePrefab: {fileID: 100100000, guid: 5789b453fef8a8341929fc9051c612fb, type: 3}
--- !u!224 &5552249347852025466 stripped
RectTransform:
  m_CorrespondingSourceObject: {fileID: 360220807698631817, guid: 5789b453fef8a8341929fc9051c612fb, type: 3}
  m_PrefabInstance: {fileID: 5328408960297464563}
  m_PrefabAsset: {fileID: 0}
--- !u!114 &664310773476797832 stripped
MonoBehaviour:
  m_CorrespondingSourceObject: {fileID: 4668636971659517819, guid: 5789b453fef8a8341929fc9051c612fb, type: 3}
  m_PrefabInstance: {fileID: 5328408960297464563}
  m_PrefabAsset: {fileID: 0}
  m_GameObject: {fileID: 0}
  m_Enabled: 1
  m_EditorHideFlags: 0
  m_Script: {fileID: 11500000, guid: 03b0cfa4851b4b338e71264614cda8ce, type: 3}
  m_Name: 
  m_EditorClassIdentifier: 
--- !u!1001 &6578892211644481807
PrefabInstance:
  m_ObjectHideFlags: 0
  serializedVersion: 2
  m_Modification:
    m_TransformParent: {fileID: 8338293221703877593}
    m_Modifications:
    - target: {fileID: 102042, guid: c5db43b1e2c605d42a53be0160e8cc8a, type: 3}
      propertyPath: m_Name
      value: Unit_Tower_Rage
      objectReference: {fileID: 0}
    - target: {fileID: 460112, guid: c5db43b1e2c605d42a53be0160e8cc8a, type: 3}
      propertyPath: m_RootOrder
      value: 0
      objectReference: {fileID: 0}
    - target: {fileID: 460112, guid: c5db43b1e2c605d42a53be0160e8cc8a, type: 3}
      propertyPath: m_LocalPosition.x
      value: 0
      objectReference: {fileID: 0}
    - target: {fileID: 460112, guid: c5db43b1e2c605d42a53be0160e8cc8a, type: 3}
      propertyPath: m_LocalPosition.y
      value: 0
      objectReference: {fileID: 0}
    - target: {fileID: 460112, guid: c5db43b1e2c605d42a53be0160e8cc8a, type: 3}
      propertyPath: m_LocalPosition.z
      value: 0
      objectReference: {fileID: 0}
    - target: {fileID: 460112, guid: c5db43b1e2c605d42a53be0160e8cc8a, type: 3}
      propertyPath: m_LocalRotation.w
      value: 0.7071068
      objectReference: {fileID: 0}
    - target: {fileID: 460112, guid: c5db43b1e2c605d42a53be0160e8cc8a, type: 3}
      propertyPath: m_LocalRotation.x
      value: -0.7071068
      objectReference: {fileID: 0}
    - target: {fileID: 460112, guid: c5db43b1e2c605d42a53be0160e8cc8a, type: 3}
      propertyPath: m_LocalRotation.y
      value: 0
      objectReference: {fileID: 0}
    - target: {fileID: 460112, guid: c5db43b1e2c605d42a53be0160e8cc8a, type: 3}
      propertyPath: m_LocalRotation.z
      value: 0
      objectReference: {fileID: 0}
    - target: {fileID: 460112, guid: c5db43b1e2c605d42a53be0160e8cc8a, type: 3}
      propertyPath: m_LocalEulerAnglesHint.x
      value: -90
      objectReference: {fileID: 0}
    - target: {fileID: 460112, guid: c5db43b1e2c605d42a53be0160e8cc8a, type: 3}
      propertyPath: m_LocalEulerAnglesHint.y
      value: 0
      objectReference: {fileID: 0}
    - target: {fileID: 460112, guid: c5db43b1e2c605d42a53be0160e8cc8a, type: 3}
      propertyPath: m_LocalEulerAnglesHint.z
      value: 0
      objectReference: {fileID: 0}
    m_RemovedComponents: []
  m_SourcePrefab: {fileID: 100100000, guid: c5db43b1e2c605d42a53be0160e8cc8a, type: 3}
--- !u!4 &6578892211644023903 stripped
Transform:
  m_CorrespondingSourceObject: {fileID: 460112, guid: c5db43b1e2c605d42a53be0160e8cc8a, type: 3}
  m_PrefabInstance: {fileID: 6578892211644481807}
  m_PrefabAsset: {fileID: 0}
--- !u!198 &6578892211659328155 stripped
ParticleSystem:
  m_CorrespondingSourceObject: {fileID: 19827604, guid: c5db43b1e2c605d42a53be0160e8cc8a, type: 3}
  m_PrefabInstance: {fileID: 6578892211644481807}
  m_PrefabAsset: {fileID: 0}
--- !u!1001 &7159077467537263277
PrefabInstance:
  m_ObjectHideFlags: 0
  serializedVersion: 2
  m_Modification:
    m_TransformParent: {fileID: 9054360176622227943}
    m_Modifications:
    - target: {fileID: 1355639780709159106, guid: 63a98d8b065c5144a8d1cbdc4eb17d55, type: 3}
      propertyPath: m_Name
      value: DestroyLevelEffect
      objectReference: {fileID: 0}
    - target: {fileID: 6499458170456113141, guid: 63a98d8b065c5144a8d1cbdc4eb17d55, type: 3}
      propertyPath: m_RootOrder
      value: 1
      objectReference: {fileID: 0}
    - target: {fileID: 6499458170456113141, guid: 63a98d8b065c5144a8d1cbdc4eb17d55, type: 3}
      propertyPath: m_LocalPosition.x
      value: 0
      objectReference: {fileID: 0}
    - target: {fileID: 6499458170456113141, guid: 63a98d8b065c5144a8d1cbdc4eb17d55, type: 3}
      propertyPath: m_LocalPosition.y
      value: 0
      objectReference: {fileID: 0}
    - target: {fileID: 6499458170456113141, guid: 63a98d8b065c5144a8d1cbdc4eb17d55, type: 3}
      propertyPath: m_LocalPosition.z
      value: 0
      objectReference: {fileID: 0}
    - target: {fileID: 6499458170456113141, guid: 63a98d8b065c5144a8d1cbdc4eb17d55, type: 3}
      propertyPath: m_LocalRotation.w
      value: 0.7071068
      objectReference: {fileID: 0}
    - target: {fileID: 6499458170456113141, guid: 63a98d8b065c5144a8d1cbdc4eb17d55, type: 3}
      propertyPath: m_LocalRotation.x
      value: -0.70710677
      objectReference: {fileID: 0}
    - target: {fileID: 6499458170456113141, guid: 63a98d8b065c5144a8d1cbdc4eb17d55, type: 3}
      propertyPath: m_LocalRotation.y
      value: -0.000000014901161
      objectReference: {fileID: 0}
    - target: {fileID: 6499458170456113141, guid: 63a98d8b065c5144a8d1cbdc4eb17d55, type: 3}
      propertyPath: m_LocalRotation.z
      value: -0.000000014901161
      objectReference: {fileID: 0}
    - target: {fileID: 6499458170456113141, guid: 63a98d8b065c5144a8d1cbdc4eb17d55, type: 3}
      propertyPath: m_LocalEulerAnglesHint.x
      value: -90.00001
      objectReference: {fileID: 0}
    - target: {fileID: 6499458170456113141, guid: 63a98d8b065c5144a8d1cbdc4eb17d55, type: 3}
      propertyPath: m_LocalEulerAnglesHint.y
      value: 0
      objectReference: {fileID: 0}
    - target: {fileID: 6499458170456113141, guid: 63a98d8b065c5144a8d1cbdc4eb17d55, type: 3}
      propertyPath: m_LocalEulerAnglesHint.z
      value: 0
      objectReference: {fileID: 0}
    - target: {fileID: 6823926353810710504, guid: 63a98d8b065c5144a8d1cbdc4eb17d55, type: 3}
      propertyPath: InitialModule.startSize.scalar
      value: 0.8
      objectReference: {fileID: 0}
    m_RemovedComponents: []
  m_SourcePrefab: {fileID: 100100000, guid: 63a98d8b065c5144a8d1cbdc4eb17d55, type: 3}
--- !u!198 &4461189108238095685 stripped
ParticleSystem:
  m_CorrespondingSourceObject: {fileID: 6823926353810710504, guid: 63a98d8b065c5144a8d1cbdc4eb17d55, type: 3}
  m_PrefabInstance: {fileID: 7159077467537263277}
  m_PrefabAsset: {fileID: 0}
--- !u!4 &4136716526701262168 stripped
Transform:
  m_CorrespondingSourceObject: {fileID: 6499458170456113141, guid: 63a98d8b065c5144a8d1cbdc4eb17d55, type: 3}
  m_PrefabInstance: {fileID: 7159077467537263277}
  m_PrefabAsset: {fileID: 0}
--- !u!1001 &7876560436987076959
PrefabInstance:
  m_ObjectHideFlags: 0
  serializedVersion: 2
  m_Modification:
    m_TransformParent: {fileID: 8338293222144092663}
    m_Modifications:
    - target: {fileID: 1929329826271036854, guid: fc281543ee5848e4ebbdd93954eef399, type: 3}
      propertyPath: m_Materials.Array.data[0]
      value: 
      objectReference: {fileID: 2100000, guid: 2025291014af5f54faf990ddf234d0c2, type: 2}
    - target: {fileID: 5938367492779134196, guid: fc281543ee5848e4ebbdd93954eef399, type: 3}
      propertyPath: m_Name
      value: WaveOnly PS
      objectReference: {fileID: 0}
    - target: {fileID: 6192479314134554938, guid: fc281543ee5848e4ebbdd93954eef399, type: 3}
      propertyPath: m_RootOrder
      value: 2
      objectReference: {fileID: 0}
    - target: {fileID: 6192479314134554938, guid: fc281543ee5848e4ebbdd93954eef399, type: 3}
      propertyPath: m_LocalPosition.x
      value: 0
      objectReference: {fileID: 0}
    - target: {fileID: 6192479314134554938, guid: fc281543ee5848e4ebbdd93954eef399, type: 3}
      propertyPath: m_LocalPosition.y
      value: -0.1709933
      objectReference: {fileID: 0}
    - target: {fileID: 6192479314134554938, guid: fc281543ee5848e4ebbdd93954eef399, type: 3}
      propertyPath: m_LocalPosition.z
      value: 0
      objectReference: {fileID: 0}
    - target: {fileID: 6192479314134554938, guid: fc281543ee5848e4ebbdd93954eef399, type: 3}
      propertyPath: m_LocalRotation.w
      value: 0.70710653
      objectReference: {fileID: 0}
    - target: {fileID: 6192479314134554938, guid: fc281543ee5848e4ebbdd93954eef399, type: 3}
      propertyPath: m_LocalRotation.x
      value: -0.70710707
      objectReference: {fileID: 0}
    - target: {fileID: 6192479314134554938, guid: fc281543ee5848e4ebbdd93954eef399, type: 3}
      propertyPath: m_LocalRotation.y
      value: -0
      objectReference: {fileID: 0}
    - target: {fileID: 6192479314134554938, guid: fc281543ee5848e4ebbdd93954eef399, type: 3}
      propertyPath: m_LocalRotation.z
      value: -0
      objectReference: {fileID: 0}
    - target: {fileID: 6192479314134554938, guid: fc281543ee5848e4ebbdd93954eef399, type: 3}
      propertyPath: m_LocalEulerAnglesHint.x
      value: -90.00001
      objectReference: {fileID: 0}
    - target: {fileID: 6192479314134554938, guid: fc281543ee5848e4ebbdd93954eef399, type: 3}
      propertyPath: m_LocalEulerAnglesHint.y
      value: 0
      objectReference: {fileID: 0}
    - target: {fileID: 6192479314134554938, guid: fc281543ee5848e4ebbdd93954eef399, type: 3}
      propertyPath: m_LocalEulerAnglesHint.z
      value: 0
      objectReference: {fileID: 0}
    m_RemovedComponents: []
  m_SourcePrefab: {fileID: 100100000, guid: fc281543ee5848e4ebbdd93954eef399, type: 3}
--- !u!4 &4089042910764562533 stripped
Transform:
  m_CorrespondingSourceObject: {fileID: 6192479314134554938, guid: fc281543ee5848e4ebbdd93954eef399, type: 3}
  m_PrefabInstance: {fileID: 7876560436987076959}
  m_PrefabAsset: {fileID: 0}
--- !u!198 &7457818553396675479 stripped
ParticleSystem:
  m_CorrespondingSourceObject: {fileID: 734182990955176648, guid: fc281543ee5848e4ebbdd93954eef399, type: 3}
  m_PrefabInstance: {fileID: 7876560436987076959}
  m_PrefabAsset: {fileID: 0}
